2479 3508
451 923 643 1021 Ʒimmer
691 923 715 1021 im
787 923 931 1021 Hauſe
979 923 1035 1021 des
1091 923 1220 1021 Herrn
1276 923 1340 1021 von
1380 923 1588 1021 Sachau.

624 1195 907 1306 Erſter
985 1195 1423 1306 Auftritt.

549 1390 953 1471 Wilhelmine
1015 1390 1092 1471 und
1147 1390 1489 1471 Henriette.

424 1512 757 1598 Henriette
807 1512 872 1598 (ein
916 1512 1139 1598 erbrochenes
1168 1512 1284 1598 Billet
1320 1512 1342 1598 in
1385 1512 1436 1598 der
1472 1512 1594 1598 Hand.
1609 1512 1623 1598 )

390 1619 595 1768 Oein,
637 1619 757 1768 liebes
808 1619 1115 1768 Mühmchen,
1158 1619 1286 1768 nein,
1329 1619 1371 1768 ich
1414 1619 1508 1768 kann
1559 1619 1644 1768 mich

383 1760 629 1841 unmöglich
677 1760 764 1841 daʒu
812 1760 1121 1841 entſchlieſſen.

480 1840 668 1918 Wilh.
709 1840 775 1918 Du
816 1840 963 1918 kannſt
988 1840 1135 1918 nicht?
1176 1840 1233 1918 geh
1282 1840 1405 1918 doch!
1446 1840 1503 1918 -
1544 1840 1651 1918 mach

385 1923 477 2000 mich
527 1923 634 2000 nicht
669 1923 698 2000 ʒu
755 1923 933 2000 lachen!
975 1923 1082 2000 wenn
1139 1923 1167 2000 es
1217 1923 1374 2000 darauf
1416 1923 1665 2000 ankömmt,

385 2005 499 2087 einen
560 2005 788 2087 närriſchen
848 2005 1015 2087 Streich
1068 2005 1099 2087 ʒu
1167 2005 1364 2087 machen,
1425 2005 1448 2087 ſo
1509 2005 1668 2087 möcht'

392 2086 433 2166 ich
482 2086 572 2166 doch
621 2086 794 2166 wiſſen,
843 2086 876 2166 ʒu
941 2086 1023 2166 was
1073 2086 1138 2166 ſich
1196 2086 1245 2166 ein
1294 2086 1508 2166 Mädchen
1557 2086 1655 2166 nicht

389 2168 661 2258 entſchlieſſen
721 2168 918 2258 könnte!
971 2168 1024 2258 -
1077 2168 1160 2258 Und
1205 2168 1349 2258 warum
1417 2168 1561 2258 kannſt
1606 2168 1644 2258 du

384 2247 474 2330 denn
522 2247 661 2330 nicht,
702 2247 813 2330 wenn
861 2247 951 2330 man
1013 2247 1144 2330 fragen
1200 2247 1331 2330 darf?

476 2324 666 2404 Henr.
704 2324 893 2404 Bedenke
939 2324 1045 2404 nur:
1083 2324 1143 2404 ſich
1181 2324 1401 2404 entführen
1439 2324 1469 2404 ʒu
1515 2324 1666 2404 laſſen.

480 2417 659 2498 Wilh.
704 2417 801 2498 Nun
868 2417 906 2498 du
965 2417 1062 2498 mein
1115 2417 1346 2498 Himmel!
1391 2417 1451 2498 als
1496 2417 1533 2498 ob
1585 2417 1645 2498 das

386 2501 415 2580 ſo
481 2501 612 2580 etwas
685 2501 1115 2580 auſſerordentliches
1173 2501 1326 2580 wäre!
1377 2501 1516 2580 Haben
1581 2501 1654 2580 wir

391 2582 480 2653 denn
534 2582 603 2653 das
644 2582 753 2653 nicht
787 2582 814 2653 in
862 2582 1094 2653 Romanen
1149 2582 1217 2653 unb
1272 2582 1497 2653 Komödien
1552 2582 1655 2653 hun-

394 2664 576 2743 dertmal
619 2664 823 2743 geleſen?
874 2664 969 2743 höre
998 2664 1187 2743 einmal:
1231 2664 1267 2743 du
1318 2664 1406 2743 haſt
1435 2664 1493 2743 das
1544 2664 1646 2743 "ſich

394 2746 616 2820 entführen
668 2746 839 2820 laſſen"
883 2746 957 2820 mit
1002 2746 1106 2820 einem
1180 2746 1358 2820 gewiſſen
1410 2746 1654 2820 Nachdruck

399 2828 777 2909 ausgeſprochen;
818 2828 867 2909 ich
925 2828 1114 2909 glaube,
1163 2828 1204 2909 du
1261 2828 1368 2909 ſtößt
1417 2828 1491 2909 dich
1540 2828 1655 2909 mehr

509 685 928 859 Erſter
1037 685 1583 859 Aufʒug.
