2479 3508
610 487 656 557 an
710 487 764 557 den
817 487 1077 557 Ausdruck,
1123 487 1177 557 als
1230 487 1269 557 an
1322 487 1368 557 die
1406 487 1544 557 Sache
1582 487 1735 557 ſelbſt;
1781 487 1873 557 ſage

606 569 807 635 einmal:
852 569 1047 635 entführt
1086 569 1287 635 werden,
1326 569 1403 635 und
1449 569 1494 635 ich
1546 569 1669 635 wette
1715 569 1779 635 -

711 650 893 737 Henr.
930 650 1025 737 Wie
1054 650 1091 737 du
1142 650 1229 737 auch
1273 650 1368 737 über
1405 650 1536 737 meine
1580 650 1770 737 traurige
1806 650 1880 737 La-

611 728 656 799 ge
693 728 783 799 noch
836 728 1001 799 ſcherʒen
1053 728 1233 799 kannſt!

708 809 900 878 Wilh.
961 809 1115 878 Nein,
1168 809 1299 878 nein,
1352 809 1383 878 es
1444 809 1483 878 iſt
1536 809 1636 878 mein
1697 809 1881 878 völliger

603 892 765 971 Ernſt.
835 892 936 971 Sieh
998 892 1106 971 nur,
1153 892 1269 971 wenn
1315 892 1370 971 die
1408 892 1525 971 Leute
1571 892 1718 971 ſagen:
1765 892 1865 971 Das

617 968 819 1042 Fräulein
881 968 951 1042 von
1013 968 1184 1042 Sachau
1246 968 1316 1042 hat
1371 968 1433 1042 ſich
1487 968 1550 1042 von
1604 968 1666 1042 dem
1736 968 1868 1042 Herrn

609 1057 681 1121 von
738 1057 1017 1121 Buchenhain
1067 1057 1289 1121 entführen
1354 1057 1468 1121 laſſen
1526 1057 1583 1121 -
1626 1057 1769 1121 pfuy,
1812 1057 1877 1121 das

609 1135 747 1205 klingt
778 1135 970 1205 garſtig!
1008 1135 1115 1205 Aber
1161 1135 1322 1205 wenn's
1383 1135 1529 1205 heißt:
1575 1135 1651 1205 Sie
1697 1135 1743 1205 iſt
1782 1135 1858 1205 vom

616 1214 750 1286 Herrn
810 1214 877 1286 von
943 1214 1226 1286 Buchenhain
1293 1214 1486 1286 entführt
1538 1214 1747 1286 worden;
1806 1214 1873 1286 das

606 1298 655 1367 iſt
690 1298 823 1367 etwas
886 1298 984 1367 ganʒ
1033 1298 1215 1367 anders.
1278 1298 1369 1367 "Je
1425 1298 1586 1367 nun",
1642 1298 1733 1367 wird
1782 1298 1873 1367 man

611 1378 765 1455 ſagen,
814 1378 940 1455 "was
989 1378 1080 1455 kann
1136 1378 1186 1455 ein
1235 1378 1417 1455 armes,
1473 1378 1697 1455 wehrloſes
1739 1378 1887 1455 Mäd-

615 1459 687 1547 chen
752 1459 924 1547 dafür,
982 1459 1097 1547 wenn
1154 1459 1205 1547 ein
1269 1459 1406 1547 Mann
1471 1459 1543 1547 mit
1607 1459 1665 1547 ihr
1729 1459 1866 1547 davon

613 1542 766 1605 läuſt?
805 1542 812 1605 "

712 1620 895 1686 Henr.
933 1620 941 1686 O
1017 1620 1055 1686 da
1109 1620 1246 1686 kennſt
1299 1620 1337 1686 du
1398 1620 1452 1686 die
1498 1620 1612 1686 Welt
1658 1620 1780 1686 nicht.
1826 1620 1879 1686 -

611 1700 701 1773 Die
746 1700 1076 1773 Verleumdung
1128 1700 1180 1773 -

709 1781 893 1849 Wilh.
946 1781 1000 1849 Ey
1054 1781 1176 1849 was!
1238 1781 1567 1849 Verleumdung
1621 1781 1720 1849 hin,
1766 1781 1881 1849 Ver-

617 1859 842 1930 leumdung
895 1859 992 1930 her!
1045 1859 1105 1930 -
1165 1859 1247 1930 Die
1292 1859 1494 1930 Weiber,
1562 1859 1614 1930 die
1667 1859 1727 1930 ſich
1772 1859 1869 1930 über

614 1944 737 2017 ſolche
783 1944 930 2017 Dinge
968 1944 1007 2017 am
1084 1944 1245 2017 meiſten
1299 1944 1653 2017 ſcandaliſiren,
1692 1944 1769 2017 ſind
1815 1944 1876 2017 ge-

615 2023 709 2104 rade
745 2023 1012 2104 diejenigen,
1055 2023 1113 2104 die
1149 2023 1250 2104 trotʒ
1286 2023 1379 2104 aller
1408 2023 1718 2104 angewandten
1761 2023 1877 2104 Mü-

612 2103 648 2188 he
705 2103 791 2188 noch
841 2103 1092 2188 niemanden
1156 2103 1249 2188 Luſt
1300 2103 1457 2188 machen
1522 2103 1736 2188 konnten,
1801 2103 1872 2188 mit

614 2188 731 2264 ihnen
782 2188 906 2264 davon
965 2188 994 2264 ʒu
1060 2188 1242 2264 lauſen:
1286 2188 1403 2264 alte,
1454 2188 1571 2264 übrig
1630 2188 1871 2264 gebliebene

615 2263 948 2348 Jungfrauen,
1010 2263 1095 2348 oder
1149 2263 1358 2348 Weiber,
1397 2263 1451 2348 die
1505 2263 1614 2348 keine
1668 2263 1861 2348 Männer

609 2350 778 2422 würden
849 2350 1082 2422 bekommen
1146 2350 1316 2422 haben,
1358 2350 1471 2422 wenn
1535 2350 1577 2422 ſie
1627 2350 1698 2422 kein
1761 2350 1860 2422 Geld

616 2430 769 2508 gehabt
806 2430 982 2508 hätten.
1018 2430 1069 2508 -
1113 2430 1186 2508 Laß
1245 2430 1325 2508 doch
1377 2430 1537 2508 einmal
1589 2430 1742 2508 ſehen,
1786 2430 1867 2508 was

612 2513 686 2587 dein
747 2513 923 2587 Koridon
977 2513 1166 2587 ſchreibt.
1207 2513 1275 2587 (ſie
1308 2513 1444 2587 nimmt
1478 2513 1525 2587 ihr
1566 2513 1620 2587 das
1653 2513 1768 2587 Billet
1809 2513 1863 2587 aus

619 2596 669 2671 der
713 2596 813 2671 Hand
849 2596 914 2671 und
957 2596 1043 2671 lieſt.
1057 2596 1064 2671 )
1107 2596 1294 2671 "Meine
1337 2596 1581 2671 angebetete
1617 2596 1869 2671 Henriette!

615 2674 695 2746 Jch
734 2674 790 2746 bin
838 2674 861 2746 in
925 2674 989 2746 der
1028 2674 1243 2746 äußerſten
1306 2674 1679 2746 Verʒweiflung"
1727 2674 1790 2746 -
1822 2674 1878 2746 -

613 2756 725 2836 Was
766 2756 806 2836 du
862 2756 919 2836 für
967 2756 1015 2836 ein
1064 2756 1370 2836 verʒweifeltes
1410 2756 1611 2836 Mädchen
1659 2756 1756 2836 biſt,
1796 2756 1869 2836 dei-

611 2836 683 2923 nen
730 2836 953 2923 Liebhaber
992 2836 1016 2923 ſo
1072 2836 1096 2923 in
1151 2836 1477 2923 Verʒweiflung
1540 2836 1564 2923 ʒu
1628 2836 1787 2923 ſetʒen!
1818 2836 1874 2923 -
