2479 3508
538 2118 784 2203 Vorige.
847 2118 950 2203 Herr
1013 2118 1077 2203 von
1132 2118 1378 2203 Sachau.

489 1963 906 2093 Ʒweyter
984 1963 1453 2093 Auftritt.

434 2214 688 2306 Sachau.
729 2214 836 2306 Habt
893 2214 951 2306 ihr
1008 2214 1107 2306 ſchon
1156 2214 1295 2306 wieder
1353 2214 1402 2306 die
1443 2214 1574 2306 Köpfe

340 2303 396 2384 bey
445 2303 670 2384 einander!
712 2303 993 2384 vermuthlich
1035 2303 1127 2384 wird
1176 2303 1316 2384 wieder
1366 2303 1415 2384 ein
1450 2303 1583 2384 Kom-

340 2387 540 2458 plottchen
584 2387 799 2458 gemacht?
851 2387 903 2458 -
955 2387 1066 2458 Aber
1118 2387 1243 2458 macht
1280 2387 1391 2458 nur,
1421 2387 1584 2458 macht!

346 2463 412 2548 Jch
469 2463 560 2548 kann
609 2463 700 2548 auch
741 2463 1087 2548 komplottiren,
1137 2463 1219 2548 ich!
1260 2463 1310 2548 -
1368 2463 1433 2548 Jch
1499 2463 1590 2548 will

340 2546 431 2617 auch
473 2546 550 2617 eins
599 2546 788 2617 machen,
830 2546 1026 2617 worüber
1062 2546 1118 2617 ihr
1167 2546 1244 2617 euch
1279 2546 1552 2617 verwundern

339 2619 452 2709 ſollt.
489 2619 542 2709 -
594 2619 752 2709 Deinen
819 2619 1014 2709 geliebten
1082 2619 1210 2709 Herrn
1262 2619 1330 2709 von
1382 2619 1585 2709 Buchen-

348 2699 425 2790 hain
494 2699 556 2790 ʒum
633 2699 840 2790 Exempel
886 2699 986 2790 habe
1040 2699 1086 2790 ich
1148 2699 1248 2790 ſchon
1317 2699 1379 2790 ʒum
1448 2699 1578 2790 Hauſe

345 2781 487 2863 hinaus
516 2781 829 2863 komplottirt,
872 2781 950 2863 und
1000 2781 1071 2863 aus
1114 2781 1249 2863 deinem
1306 2781 1449 2863 Herʒen
1499 2781 1584 2863 will

354 2862 395 2943 ich
436 2862 485 2943 ihn
542 2862 632 2943 auch
681 2862 770 2943 noch
811 2862 1023 2943 bringen,
1064 2862 1186 2943 dafür
1235 2862 1301 2943 ſteh
1358 2862 1407 2943 ich
1447 2862 1529 2943 dir.

348 557 425 633 alſo
486 557 532 633 -
593 557 654 633 "in
715 557 776 633 der
822 557 1035 633 äußerſten
1097 557 1440 633 Verʒweiflung.
1494 557 1585 633 Der

344 632 565 711 Gedanke,
610 632 654 711 ſie
698 632 728 711 ʒu
779 632 1008 711 verlieren,
1052 632 1178 711 macht
1200 632 1288 711 mich
1332 632 1554 711 unſinnig.
1568 632 1583 711 "

338 705 397 795 -
442 705 530 795 Nun
589 705 648 795 das
699 705 825 795 nenne
869 705 913 795 ich
972 705 1038 795 mir
1097 705 1200 795 einen
1267 705 1488 795 Schäfer,
1532 705 1584 795 der

344 791 404 878 den
471 791 622 878 Reitʒen
682 791 802 878 ſeiner
855 791 997 878 Lalage
1050 791 1155 878 Ehre
1208 791 1336 878 macht
1373 791 1433 878 -
1471 791 1584 878 "Jch

339 877 576 950 beſchwöre
626 877 669 950 ſie
727 877 784 950 bey
849 877 1000 950 allem,
1057 877 1143 950 was
1193 877 1301 950 ihnen
1373 877 1445 950 lieb
1502 877 1581 950 und

339 954 461 1035 heilig
510 954 583 1035 iſt,
623 954 794 1035 willigen
851 954 891 1035 ſie
932 954 956 1035 in
1005 954 1062 1035 den
1119 954 1386 1035 Vorſchlag,
1427 954 1484 1035 den
1533 954 1581 1035 ich

338 1033 455 1111 ihnen
521 1033 543 1111 ſo
594 1033 652 1111 oft
696 1033 835 1111 gethan
887 1033 1011 1111 habe.
1062 1033 1209 1111 Meine
1260 1033 1384 1111 Tante
1428 1033 1589 1111 erwar-

345 1109 398 1190 tet
443 1109 542 1190 uns.
618 1109 701 1190 Jhr
746 1109 860 1190 Guth
905 1109 1004 1190 liegt
1034 1109 1110 1190 nur
1148 1109 1224 1190 ʒwo
1269 1109 1428 1190 Meilen
1489 1109 1580 1190 weit

344 1190 421 1269 von
476 1190 585 1269 hier.
655 1190 771 1269 Mein
833 1190 950 1269 Leben
1012 1190 1082 1269 und
1152 1190 1230 1269 Tod
1284 1190 1385 1269 ſteht
1424 1190 1502 1269 jetʒt
1548 1190 1572 1269 in

332 1267 443 1346 ihren
507 1267 729 1346 Händen;
769 1267 1030 1346 entſchlieſſen
1094 1267 1134 1346 ſie
1181 1267 1268 1346 ſich.
1284 1267 1300 1346 "
1356 1267 1411 1346 -
1459 1267 1586 1346 Jett-

333 1353 465 1426 chen,
509 1353 568 1426 laß
626 1353 678 1426 den
744 1353 876 1426 armen
942 1353 1111 1426 Jungen
1170 1353 1273 1426 nicht
1310 1353 1493 1426 ſterben.
1530 1353 1581 1426 -

338 1425 508 1506 Horch!
547 1425 617 1506 dein
663 1425 795 1506 Vater
834 1425 1020 1506 kömmt;
1066 1425 1275 1506 geſchwind
1322 1425 1392 1506 von
1438 1425 1570 1506 etwas

337 1502 531 1583 andern!

449 1575 636 1664 Henr.
668 1575 936 1664 Mienchen,
976 1575 1049 1664 mir
1106 1575 1236 1664 ʒittern
1309 1575 1374 1664 alle
1422 1575 1593 1664 Glieder

336 1656 501 1744 Verlaß
559 1656 650 1744 mich
699 1656 831 1744 nicht.

436 1736 618 1837 Wilh.
659 1736 750 1837 Nun
799 1736 832 1837 ja
882 1736 989 1837 doch,
1031 1736 1072 1837 ich
1113 1736 1204 1837 will
1245 1736 1270 1837 ja
1320 1736 1410 1837 alles
1460 1736 1592 1837 thun,

338 1822 368 1902 du
421 1822 548 1902 mußt
586 1822 676 1902 aber
713 1822 803 1902 auch
848 1822 1095 1902 vernünftig
1155 1822 1275 1902 ſeyn.
