2479 3508
759 559 954 665 Wilh.
995 559 1215 665 (ſchalkbaft
1247 559 1255 665 )
1296 559 1573 665 Onkelchen!
1614 559 1687 665 ſind
1736 559 1777 665 ſie
1809 559 1932 665 wirk-

669 658 731 737 lich
785 658 831 737 ein
885 658 1024 737 ſolcher
1071 658 1426 737 Herenmeiſter?

758 732 1020 817 Sachau.
1068 732 1171 817 Was
1211 732 1275 817 hat
1322 732 1362 817 ſie
1402 732 1465 817 ſich
1505 732 1608 817 drein
1656 732 1688 817 ʒu
1727 732 1926 817 miſchen,

665 816 871 893 Fräulein
934 816 1211 893 Naſeweiß?

756 899 942 971 Wilh.
981 899 1074 971 Nun
1121 899 1175 971 -
1214 899 1253 971 ich
1299 899 1408 971 frage
1463 899 1494 971 ja
1540 899 1649 971 nur.

760 980 1013 1064 Sachau.
1052 980 1121 1064 Du
1159 980 1267 1064 ſollſt
1297 980 1382 1064 auch
1412 980 1520 1064 nicht
1543 980 1666 1064 lange
1696 980 1811 1064 mehr
1842 980 1927 1064 hier

658 1059 903 1131 herrſchen!
947 1059 1006 1131 daß
1051 1059 1140 1131 mich
1177 1059 1266 1131 auch
1303 1059 1362 1131 der
1391 1059 1547 1131 Leidige
1577 1059 1739 1131 blenden
1791 1059 1925 1131 muß-

651 1142 724 1220 te,
761 1142 834 1220 dich
863 1142 921 1220 ins
958 1142 1074 1220 Haus
1111 1142 1140 1220 ʒu
1183 1142 1388 1220 nehmen.
1431 1142 1497 1220 Du
1541 1142 1628 1220 haſt
1672 1142 1745 1220 mir
1788 1142 1912 1220 meine

651 1224 821 1304 Tochter
856 1224 878 1304 in
920 1224 1069 1304 Grund
1112 1224 1183 1304 und
1225 1224 1367 1304 Boden
1417 1224 1630 1304 verderbt.
1701 1224 1786 1304 Sie
1829 1224 1914 1304 war

654 1302 759 1373 ſonſt
815 1302 864 1373 ein
927 1302 1199 1373 folgſames,
1241 1302 1353 1373 gutes
1416 1302 1555 1373 Kind,
1604 1302 1674 1373 und
1737 1302 1821 1373 jetʒt
1870 1302 1926 1373 -

649 1381 754 1464 Aber
796 1381 873 1464 nur
915 1381 1118 1464 Geduld,
1167 1381 1251 1464 auch
1314 1381 1377 1464 das
1426 1381 1496 1464 ſoll
1531 1381 1685 1464 anders
1727 1381 1922 1464 werden,

644 1461 780 1538 Wenn
833 1461 878 1538 ſie
916 1461 991 1538 erſt
1029 1461 1346 1538 verheurathet
1384 1461 1459 1538 iſt,
1504 1461 1535 1538 ſo
1580 1461 1670 1538 will
1701 1461 1738 1538 ich
1776 1461 1920 1538 ſehen,

649 1546 721 1625 wie
757 1546 808 1625 ich
851 1546 937 1625 auch
988 1546 1052 1625 dich
1117 1546 1189 1625 mit
1240 1546 1355 1625 guter
1398 1546 1578 1625 Manier
1643 1546 1700 1625 los
1743 1546 1916 1625 werde:

646 1618 718 1697 und
769 1618 884 1697 wenn
934 1618 992 1697 ihr
1043 1618 1143 1697 ʒwey
1201 1618 1273 1697 weg
1338 1618 1460 1697 ſeyd,
1504 1618 1604 1697 dann
1655 1618 1756 1697 wird
1799 1618 1900 1697 mein

641 1712 766 1784 Haus
821 1712 870 1784 ein
932 1712 1098 1784 wahres
1147 1712 1354 1784 Paradies
1410 1712 1603 1784 werden.

736 1765 923 1858 Wilh.
962 1765 1055 1858 Ja,
1102 1765 1149 1858 ein
1196 1765 1328 1858 wenig
1367 1765 1616 1858 langweilig
1648 1765 1788 1858 wird's
1827 1765 1913 1858 als-

640 1856 742 1943 dann
793 1856 852 1943 bey
910 1856 1027 1943 ihnen
1078 1856 1283 1943 ʒugehen.
1319 1856 1378 1943 -
1414 1856 1677 1943 Onkelchen,
1714 1856 1765 1943 ſie
1794 1856 1889 1943 thun

631 1944 821 2028 immer,
864 1944 920 2028 als
962 1944 1125 2028 wollten
1181 1944 1224 2028 ſie
1259 1944 1351 2028 mich
1400 1944 1520 2028 gerne
1562 1944 1619 2028 los
1647 1944 1767 2028 ſeyn,
1802 1944 1894 2028 aber

632 2022 688 2097 ich
729 2022 891 2097 wette,
931 2022 1004 2097 daß
1052 2022 1117 2097 das
1158 2022 1214 2097 ihr
1255 2022 1384 2097 Ernſt
1425 2022 1530 2097 nicht
1578 2022 1643 2097 iſt.
1684 2022 1756 2097 Jch
1797 2022 1894 2097 habe

634 2108 698 2191 oft
729 2108 928 2191 gedacht,
968 2108 1000 2191 es
1047 2108 1087 2191 iſt
1127 2108 1334 2191 Schade,
1381 2108 1445 2191 daß
1509 2108 1556 2191 ſie
1596 2108 1755 2191 meines
1803 2108 1890 2191 Va-

638 2185 715 2271 ters
760 2185 936 2271 Bruder
975 2185 1082 2271 ſind.
1150 2185 1257 2271 Was
1303 2185 1380 2271 wir
1426 2185 1525 2271 ʒwey
1579 2185 1647 2271 für
1686 2185 1731 2271 ein
1785 2185 1907 2271 aller-

633 2270 797 2354 liebſtes
850 2270 961 2354 Paar
1014 2270 1170 2354 machen
1237 2270 1453 2354 würden,
1491 2270 1565 2354 wir
1625 2270 1767 2354 ʒanken
1819 2270 1893 2354 uns

629 2351 881 2423 beſtändig,
925 2351 1000 2423 wir
1037 2351 1170 2423 halten
1222 2351 1296 2423 uns
1348 2351 1414 2423 kein
1459 2351 1592 2423 Wort
1637 2351 1659 2423 ʒu
1711 2351 1829 2423 gute.
1844 2351 1903 2423 -

627 2434 642 2515 O
712 2434 1014 2515 wahrhaftig,
1061 2434 1130 2515 wir
1177 2434 1254 2515 ſind
1301 2434 1332 2515 ʒu
1386 2434 1619 2515 Eheleuten
1665 2434 1874 2515 geboren.

729 2516 980 2588 Sachau.
1020 2516 1093 2588 Du
1150 2516 1215 2588 biſt
1271 2516 1320 2588 ein
1369 2516 1571 2588 albernes
1620 2516 1765 2588 Ding.

719 2590 906 2674 Wilh.
943 2590 1040 2674 Nun
1100 2590 1130 2674 da
1182 2590 1279 2674 höre
1324 2590 1458 2674 man,
1496 2590 1585 2674 was
1630 2590 1660 2674 er
1705 2590 1779 2674 mir
1824 2590 1891 2674 für

625 2678 820 2752 ʒärtliche
867 2678 1031 2752 Namen
1093 2678 1226 2752 giebt.
1265 2678 1437 2752 Onkel,
1483 2678 1655 2752 Onkel!
1694 2678 1772 2752 mit
1811 2678 1881 2752 uns

629 2752 771 2846 beyden
834 2752 913 2846 iſt's
961 2752 1221 2846 wahrhaftig
1284 2752 1387 2846 nicht
1442 2752 1466 2846 ſo
1521 2752 1624 2846 ganʒ
1663 2752 1797 2846 richtig
1853 2752 1908 2846 -

620 2836 732 2919 (mit
764 2836 947 2919 komlſcher
995 2836 1298 2919 Freundlichkeit.
1314 2836 1322 2919 )
1370 2836 1473 2919 Was
1521 2836 1585 2919 ſich
1641 2836 1776 2919 liebt,
1824 2836 1888 2919 das

649 2926 762 3012 neckt
809 2926 894 3012 ſich.
