2479 3508
546 482 768 560 Sachau
829 482 837 560 (
868 482 944 560 halb
982 482 1143 560 lachend.
1158 482 1173 560 )
1219 482 1296 560 Geh
1334 482 1411 560 mit
1441 482 1571 560 deinen
1609 482 1716 560 Poſ-

447 573 552 638 ſen!
608 573 615 638 (
650 573 671 638 ʒu
719 573 957 638 Henrietten.
984 573 998 638 )
1054 573 1166 638 Sind
1222 573 1277 638 die
1319 573 1508 638 Ʒimmer
1556 573 1717 638 ʒurecht

444 651 669 722 gemacht?
722 651 774 722 -
819 651 924 722 Dein
969 651 1224 722 Bräutigam
1276 651 1433 722 kömmt
1463 651 1553 722 noch
1591 651 1711 722 dieſen

445 741 625 794 Abend.

534 819 718 886 Henr.
759 819 881 886 (ſtößt
916 819 1004 886 einen
1065 819 1161 886 tiefen
1209 819 1365 886 Seufʒer
1420 819 1508 886 aus.
1536 819 1549 886 )

539 891 735 964 Wilh.
774 891 907 964 Hören
954 891 994 964 ſie
1041 891 1190 964 wohl,
1237 891 1307 964 wie
1346 891 1621 964 ſchmachtend
1660 891 1707 964 ſie

439 974 500 1046 ihm
568 974 758 1046 entgegen
804 974 971 1046 ſeufʒt?
1017 974 1115 1046 Das
1146 974 1245 1046 wird
1290 974 1495 1046 rührende
1533 974 1700 1046 Sʒenen

444 1057 605 1127 geben!
647 1057 696 1127 die
738 1057 934 1127 Thränen
969 1057 1150 1127 kommen
1199 1057 1276 1127 mir
1318 1057 1416 1127 ſchon
1472 1057 1493 1127 in
1542 1057 1591 1127 die
1626 1057 1710 1127 An-

437 1143 551 1207 gen,
591 1143 704 1207 wenn
764 1143 810 1207 ich
864 1143 944 1207 nur
983 1143 1110 1207 daran
1157 1143 1296 1207 denke.
1330 1143 1383 1207 -
1430 1143 1536 1207 Aber
1583 1143 1709 1207 lieber

446 1221 624 1299 Onkel,
667 1221 738 1299 hat
774 1221 810 1299 er
859 1221 952 1299 denn
1002 1221 1145 1299 immer
1187 1221 1280 1299 noch
1337 1221 1465 1299 keinen
1508 1221 1722 1299 Namen?

433 1298 592 1373 immer
628 1298 707 1373 und
735 1298 836 1373 ewig
872 1298 929 1373 der
965 1298 1267 1373 Bräutigam,
1318 1298 1375 1373 der
1418 1298 1720 1373 Bräutigam!

440 1371 591 1446 warum
663 1371 814 1446 nennen
872 1371 915 1446 ſie
958 1371 1016 1446 ihn
1073 1371 1167 1446 denn
1231 1371 1375 1446 nicht!
1418 1371 1505 1446 Jhr
1548 1371 1713 1446 künſti-

440 1458 506 1534 ger
550 1458 901 1534 Schwiegerſohn
959 1458 1054 1534 wird
1090 1458 1178 1534 doch
1222 1458 1339 1534 wohl
1375 1458 1485 1534 einen
1543 1458 1704 1534 Namen

453 1543 609 1617 haben.
654 1543 825 1617 Onkel,
862 1543 892 1617 er
937 1543 1033 1617 wird
1078 1543 1160 1617 doch
1212 1543 1331 1617 wohl
1368 1543 1539 1617 getauft
1576 1543 1710 1617 ſeyn?

447 1622 662 1697 wirklich,
706 1622 750 1697 ſie
787 1622 942 1697 machen
1001 1622 1105 1697 einem
1171 1622 1245 1697 mit
1282 1622 1386 1697 ihrem
1452 1622 1718 1697 geheimniß-

457 1706 593 1772 vollen
650 1706 993 1772 Stillſchweigen
1043 1706 1265 1772 ordentlich
1315 1706 1479 1772 bange!

544 1781 801 1852 Sachau.
852 1781 933 1852 Jhr
992 1781 1145 1852 werdet
1197 1781 1321 1852 ſeinen
1387 1781 1549 1852 Namen
1615 1781 1710 1852 noch

446 1869 586 1954 ʒeitlich
632 1869 764 1954 genug
802 1869 1027 1954 erfahren.
1096 1869 1212 1954 Jetʒt
1251 1869 1406 1954 beliebt
1468 1869 1576 1954 mir's
1622 1869 1715 1954 noch

449 1949 596 2015 nicht,
642 1949 702 2015 ihn
762 1949 789 2015 ʒu
842 1949 1028 2015 nennen.

545 2029 736 2095 Wilh.
775 2029 889 2095 Jetʒt
928 2029 1073 2095 beliebt
1104 2029 1218 2095 mir's
1264 2029 1349 2095 noch
1394 2029 1532 2095 nicht!
1555 2029 1609 2095 -
1639 2029 1701 2095 Da

442 2105 537 2174 höre
592 2105 681 2174 man
742 2105 905 2174 einmal
967 2105 1028 2174 den
1083 2105 1232 2174 kleinen
1307 2105 1696 2174 liebenswürdigen

443 2189 735 2258 Starrkopf!
787 2189 892 2258 Aber
945 2189 1019 2258 uns
1079 2189 1296 2258 beliebts,
1349 2189 1409 2258 ihn
1469 2189 1498 2258 ʒu
1551 2189 1716 2258 wiſſen.

447 2272 547 2340 Was
597 2272 683 2340 mich
725 2272 925 2340 betrifft,
968 2272 1011 2340 ich
1061 2272 1168 2340 halte
1211 2272 1290 2340 auf
1311 2272 1418 2340 einen
1454 2272 1697 2340 anonymen

443 2353 664 2425 Liebhaber
706 2353 789 2425 eben
823 2353 851 2425 ſo
892 2353 1058 2425 wenig,
1106 2353 1162 2425 als
1203 2353 1279 2425 auf
1320 2353 1424 2425 einen
1465 2353 1700 2425 anonymen

445 2435 781 2512 Reʒenſenten;
823 2435 914 2512 denn
956 2435 998 2512 ich
1040 2435 1146 2512 bilde
1188 2435 1258 2512 mir
1300 2435 1447 2512 immer
1475 2435 1559 2512 ein,
1587 2435 1699 2512 wenn

448 2512 500 2584 die
529 2512 641 2584 Leute
670 2512 722 2584 ein
767 2512 886 2584 gutes
915 2512 1123 2584 Gewiſſen
1168 2512 1346 2584 hätten,
1383 2512 1464 2584 und
1502 2512 1613 2584 Ehre
1643 2512 1709 2584 da-

452 2595 519 2674 von
563 2595 586 2674 ʒu
623 2595 749 2674 haben
786 2595 1023 2674 glaubten,
1067 2595 1097 2674 ſo
1149 2595 1312 2674 würden
1364 2595 1408 2674 ſie
1445 2595 1504 2674 ſich
1534 2595 1727 2674 nennen.

550 2674 722 2747 Henr.
760 2674 857 2747 (wlll
895 2674 940 2747 ihm
1000 2674 1022 2747 ʒu
1067 2674 1135 2747 Fuß
1180 2674 1300 2747 ſallen.
1315 2674 1322 2747 )
1367 2674 1487 2747 Mein
1533 2674 1713 2747 Vater!

459 2756 530 2834 auf
562 2756 624 2834 den
679 2756 821 2834 Knieen
876 2756 1104 2834 beſchwöre
1143 2756 1182 2834 ich
1245 2756 1332 2834 ſie,
1371 2756 1614 2834 verſchonen
1662 2756 1709 2834 ſie

461 2843 556 2920 mich
596 2843 667 2920 mit
714 2843 825 2920 dieſer
880 2843 1101 2920 Heurath.
