2479 3508
633 504 843 573 Sachau
903 504 970 573 (ſie
1008 504 1293 573 ʒurückbalterd.
1308 504 1315 573 )
1375 504 1525 573 Meine
1563 504 1773 573 Tochter!

533 581 743 649 ſtehenden
795 581 938 649 Fußes
983 581 1207 649 beſchwöre
1245 581 1282 649 ich
1335 581 1417 649 ſie,
1462 581 1537 649 ſeyn
1590 581 1635 649 ſie
1680 581 1762 649 ver-

530 661 736 727 nünftig!
763 661 816 727 -
856 661 903 727 Es
950 661 990 727 iſt
1043 661 1116 727 und
1176 661 1270 727 wird
1316 661 1396 727 nun
1456 661 1556 727 nicht
1596 661 1770 727 anders.

530 742 600 804 Ein
670 742 796 804 Wort
845 742 873 804 ſo
929 742 1006 804 gut
1055 742 1111 804 als
1167 742 1356 804 tauſend.
1398 742 1622 804 Morgen,
1678 742 1755 804 und

531 818 688 885 wenn's
732 818 904 885 möglich
949 818 1024 885 iſt,
1068 818 1151 885 noch
1195 818 1315 885 heute
1352 818 1524 885 Abend,
1569 818 1606 885 iſt
1643 818 1755 885 Ver-

536 896 718 964 lobung.
791 896 849 964 Du
900 896 1032 964 kennſt
1068 896 1200 964 mich,
1243 896 1345 964 nicht
1382 896 1601 964 gemuckſt.

620 973 800 1040 Wilh.
835 973 957 1040 Brr!
1000 973 1050 1040 -
1093 973 1165 1040 wie
1215 973 1258 1040 ſie
1316 973 1387 1040 nun
1437 973 1545 1040 gleich
1588 973 1760 1040 auffah-

526 1055 628 1119 ren!
669 1055 724 1119 -
765 1055 833 1119 mir
874 1055 976 1119 ſollte
1017 1055 1052 1119 es
1093 1055 1188 1119 mein
1236 1055 1372 1119 Vater
1413 1055 1434 1119 ſo
1482 1055 1673 1119 machen,
1707 1055 1748 1119 ich

527 1133 674 1199 wüßte
718 1133 865 1199 wohl,
909 1133 997 1199 was
1033 1133 1077 1199 ich
1121 1133 1275 1199 thäte!

623 1185 873 1282 Sachau.
916 1185 1002 1282 Nun
1062 1185 1113 1282 -
1156 1185 1234 1282 was
1285 1185 1414 1282 thätſt
1457 1185 1500 1282 du
1552 1185 1698 1282 denn?

620 1292 799 1377 Wilh.
856 1292 930 1377 Jch
979 1292 1044 1377 lief
1093 1292 1150 1377 ihm
1231 1292 1329 1377 ohne
1386 1292 1484 1377 v'ele
1533 1292 1753 1377 Umſtände

526 1373 683 1423 davon.

618 1447 872 1512 Sachau.
917 1447 1030 1512 So?
1074 1447 1142 1512 Du
1202 1447 1269 1512 biſt
1321 1447 1396 1512 mir
1464 1447 1509 1512 ein
1561 1447 1748 1512 ſauberes

521 1513 762 1605 Früchtchen
814 1513 897 1605 du!
935 1513 1018 1605 ſagt
1055 1513 1123 1605 ichs
1183 1513 1266 1605 doch
1311 1513 1492 1605 immer!
1537 1513 1747 1605 Henriette

525 1604 633 1692 lernt
669 1604 719 1692 die
762 1604 885 1692 ganʒe
921 1604 1050 1692 ſchöne
1100 1604 1374 1692 Aufführung
1424 1604 1496 1692 von
1553 1604 1740 1692 niemand

515 1688 717 1745 anderm,
761 1688 818 1745 als
862 1688 931 1745 von
982 1688 1057 1745 dir.

617 1758 799 1830 Wilh.
837 1758 920 1830 Von
966 1758 1072 1830 mir?
1117 1758 1170 1830 -
1216 1758 1398 1830 Nehmen
1436 1758 1481 1830 ſie
1519 1758 1617 1830 mirs
1648 1758 1746 1830 nicht

520 1839 651 1911 übel,
690 1839 814 1911 lieber
852 1839 1022 1911 Onkel!
1069 1839 1108 1911 ſie
1146 1839 1278 1911 mögen
1332 1839 1525 1911 übrigens
1564 1839 1618 1911 ein
1649 1839 1750 1911 recht

514 1923 690 2000 kluger,
739 1923 964 2000 geſcheuter
1021 1923 1162 2000 Mann
1225 1923 1352 2000 ſeyn,
1394 1923 1486 2000 aber
1542 1923 1634 2000 über
1683 1923 1746 2000 das

514 1994 904 2073 Mädchenkapitel
940 1994 1136 2073 ſchwatʒen
1186 1994 1229 2073 ſie
1266 1994 1338 2073 wie
1381 1994 1439 2073 der
1475 1994 1627 2073 Blinde
1670 1994 1735 2073 von

518 2072 578 2150 der
616 2072 772 2150 Farbe.
825 2072 899 2150 Sie
944 2072 1086 2150 müſſen
1131 2072 1303 2150 wiſſen,
1348 2072 1430 2150 was
1482 2072 1602 2150 ſolche
1632 2072 1751 2150 Din-

512 2156 547 2226 ge
589 2156 778 2226 betrifft,
820 2156 911 2226 kann
967 2156 1037 2226 kein
1086 2156 1289 2226 Mädchen
1338 2156 1408 2226 von
1471 2156 1527 2226 dem
1590 2156 1737 2226 andern

513 2235 643 2297 etwas
689 2235 851 2297 lernen.
916 2235 1007 2297 Wir
1052 2235 1201 2297 werden
1253 2235 1325 2297 mit
1370 2235 1467 2297 allen
1519 2235 1571 2297 den
1623 2235 1746 2297 aller-

517 2312 671 2379 liebſten
741 2312 930 2379 Pfiffen,
972 2312 1042 2379 mit
1084 2312 1175 2379 allen
1244 2312 1300 2379 den
1363 2312 1510 2379 kleinen
1566 2312 1748 2379 liebens-

511 2390 720 2471 würdigen
771 2390 1002 2471 Bosheiten
1038 2390 1247 2471 geboren,
1291 2390 1341 2471 die
1377 2390 1514 2471 unſern
1558 2390 1753 2471 Vätern,

511 2468 809 2542 Ehemännern
858 2468 929 2542 und
965 2468 1206 2542 Liebhabern
1255 2468 1277 2542 ſo
1319 2468 1503 2542 manchen
1539 2468 1730 2542 Verdruß

509 2555 584 2623 und
632 2555 700 2623 uns
762 2555 782 2623 ſo
837 2555 1001 2623 manche
1049 2555 1309 2623 unſchuldige
1363 2555 1521 2623 Freude
1562 2555 1753 2623 machen.

510 2634 617 2712 Eine
674 2634 766 2712 gute
816 2634 1022 2712 Freundin
1094 2634 1186 2712 kann
1250 2634 1364 2712 dabey
1435 2634 1556 2712 nichts
1606 2634 1749 2712 thun,

511 2712 573 2796 als
600 2712 697 2796 dann
738 2712 807 2796 und
848 2712 958 2796 wann
1006 2712 1055 2796 ein
1110 2712 1234 2796 wenig
1275 2712 1550 2796 nachhelfen,
1591 2712 1736 2796 wenns
