2479 3508
365 526 453 594 hier
497 526 570 594 und
614 526 651 594 da
695 526 856 594 ſtockt,
900 526 974 594 und
1025 526 1091 594 das
1135 526 1230 594 thue
1289 526 1326 594 ich
1377 526 1465 594 denn
1531 526 1619 594 auch

353 603 422 675 bey
484 603 724 675 Henrietten
778 603 963 675 ehrlich,
1002 603 1079 675 und
1133 603 1288 675 ſleißig.

464 686 723 774 Sachau.
761 686 845 774 Und
891 686 921 774 du
975 686 1043 774 biſt
1081 686 1104 774 ſo
1165 686 1501 774 unverſchämt,
1539 686 1615 774 und

355 767 468 835 ſagſt
508 767 573 835 das
614 767 775 835 ſelhſt?

460 822 648 918 Wilh.
687 822 1032 918 Unverſchämt?
1064 822 1119 918 -
1158 822 1236 918 Jſt
1276 822 1354 918 man
1409 822 1503 918 denn
1542 822 1621 918 un-

359 929 631 996 verſchämt,
674 929 788 996 wenn
852 929 938 996 man
1002 929 1052 996 die
1102 929 1338 996 Wahrheit
1395 929 1517 996 ſagt?
1560 929 1624 996 -

354 1008 433 1080 Jch
481 1008 758 1080 hab-immer
813 1008 876 1080 das
940 1008 1043 1080 Herʒ
1074 1008 1154 1080 auf
1201 1008 1257 1080 der
1304 1008 1462 1080 Ʒunge.
1534 1008 1605 1080 Jch

356 1091 445 1166 will
479 1091 596 1166 ihnen
651 1091 733 1166 noch
781 1091 898 1166 mehr
932 1091 1089 1166 ſagen:
1131 1091 1247 1166 wenn
1288 1091 1508 1166 Henriette
1542 1091 1604 1166 das

355 1158 469 1237 Herʒ
514 1158 658 1237 hätte,
703 1158 854 1237 meinem
923 1158 1059 1237 Rathe
1112 1158 1142 1237 ʒu
1195 1158 1376 1237 folgen,
1422 1158 1497 1237 ſehn
1550 1158 1618 1237 ſie,

352 1247 535 1321 Onkel,
573 1247 619 1321 ich
664 1247 748 1321 will
786 1247 893 1321 nicht
931 1247 1075 1321 ehrlich
1121 1247 1235 1321 ſeyn,
1281 1247 1387 1321 wenn
1433 1247 1471 1321 ich
1502 1247 1608 1321 nicht

356 1329 478 1406 dieſen
553 1329 811 1406 Augenblick
856 1329 1038 1406 Mantel
1099 1329 1175 1406 und
1243 1329 1402 1406 Fächer
1455 1329 1614 1406 nähm,

351 1414 434 1481 und
486 1414 509 1481 in
554 1414 689 1481 eigner
734 1414 861 1481 hoher
914 1414 1064 1481 Perſon
1131 1414 1206 1481 auf
1251 1414 1304 1481 die
1356 1414 1461 1481 Poſt
1506 1414 1612 1481 lief,

357 1494 402 1566 um
471 1494 524 1566 die
561 1494 705 1566 Pferde
751 1494 781 1566 ʒu
826 1494 1046 1566 beſtellen.

448 1576 703 1642 Sachau.
741 1576 951 1642 Mädchen
996 1576 1056 1642 -
1086 1576 1221 1642 mache
1251 1576 1341 1642 mich
1386 1576 1491 1642 nicht
1521 1576 1618 1642 toll.

350 1652 537 1734 Morgen
597 1652 657 1734 des
701 1652 836 1734 Tages
881 1652 1001 1734 mußt
1061 1652 1098 1734 du
1150 1652 1225 1734 aus
1270 1652 1330 1734 dem
1390 1652 1554 1734 Hauſe.

447 1735 634 1806 Wilh.
671 1735 753 1806 Und
798 1735 835 1806 da
887 1735 1059 1806 glauben
1119 1735 1156 1806 ſie
1193 1735 1350 1806 wohl,
1388 1735 1432 1806 ich
1477 1735 1604 1806 werde

356 1816 433 1894 eine
479 1816 632 1894 Närrin
686 1816 762 1894 ſeyn
816 1816 893 1894 und
939 1816 1046 1894 gleich
1107 1816 1268 1894 gehen?
1314 1816 1368 1894 Ey
1422 1816 1445 1894 ja
1491 1816 1613 1894 doch!

355 1894 403 1963 die
444 1894 560 1963 arme
601 1894 820 1963 Henriette
867 1894 1004 1963 würde
1052 1894 1072 1963 in
1133 1894 1243 1963 einem
1311 1894 1468 1963 ſchönen
1516 1894 1611 1963 Ro-

352 1973 560 2050 ſengarten
611 1973 745 2050 ſitʒen,
782 1973 893 2050 wenn
945 1973 989 2050 ſie
1033 1973 1122 2050 mich
1167 1973 1270 2050 nicht
1308 1973 1419 2050 mehr
1463 1973 1611 2050 hätte!

355 2057 527 2128 Machen
577 2057 620 2128 ſie
663 2057 763 2128 nicht
799 2057 1042 2128 manchmal
1093 2057 1200 2128 einen
1257 2057 1465 2128 Lermen,
1508 2057 1608 2128 ſpie-

351 2135 403 2204 len
454 2135 498 2204 ſie
534 2135 593 2204 ihr
652 2135 754 2204 nicht
805 2135 864 2204 oft
915 2135 1017 2204 mit,
1061 2135 1127 2204 daß
1186 2135 1222 2204 es
1281 2135 1383 2204 einen
1442 2135 1603 2204 Sünde

351 2214 420 2296 und
466 2214 543 2296 eine
597 2214 796 2296 Schande
826 2214 895 2296 iſt.
964 2214 1094 2296 Wenn
1148 2214 1186 2296 ich
1232 2214 1293 2296 ihr
1347 2214 1454 2296 nicht
1493 2214 1592 2296 dann

361 2296 426 2378 und
485 2296 594 2378 wann
667 2296 733 2378 das
784 2296 1053 2378 unſchuldige
1097 2296 1352 2378 Vergnügen
1418 2296 1608 2378 machte,

369 2380 436 2466 und
481 2380 570 2466 über
615 2380 719 2466 ihren
771 2380 890 2466 lieben
949 2380 1061 2466 Papa
1113 2380 1135 2466 ſo
1188 2380 1292 2466 recht
1329 2380 1403 2466 von
1441 2380 1589 2466 Herʒen

365 2460 529 2525 losʒög,
572 2460 593 2525 ſo
650 2460 707 2525 -

448 2535 694 2607 Sachau.
734 2535 916 2607 Nichte!
964 2535 1004 2607 ich
1051 2535 1138 2607 ſage
1178 2535 1297 2607 dirs,
1345 2535 1464 2607 treibe
1511 2535 1599 2607 mich

362 2619 465 2687 nicht
494 2619 596 2687 auf's
655 2619 874 2687 äußerſte!
918 2619 947 2687 du
1005 2619 1093 2687 haſt
1129 2619 1268 2687 bisher
1312 2619 1414 2687 einen
1466 2619 1582 2687 guten

364 2702 493 2769 Onkel
534 2702 561 2769 an
615 2702 690 2769 mir
724 2702 914 2769 gehabt,
955 2702 1043 2769 aber
1084 2702 1145 2769 -

453 2769 627 2849 Wilh.
666 2769 776 2849 Jſt's
823 2769 910 2849 denn
965 2769 1059 2849 etwa
1114 2769 1217 2849 nicht
1256 2769 1406 2849 wahr;
1453 2769 1524 2849 wie
1555 2769 1594 2849 ſie

370 2838 426 2946 ſich
475 2838 700 2946 manchmal
732 2838 1005 2946 aufführen!
1045 2838 1142 2946 weis
1190 2838 1246 2946 der
1302 2838 1399 2946 liebe
1447 2838 1600 2946 Gott,
