2479 3508
628 506 709 585 wer
754 506 798 585 ſie
835 506 865 585 in
917 506 1058 585 unſere
1117 506 1295 585 Familie
1339 506 1740 585 hineingeſchwärʒt
1784 506 1880 585 hat.

627 596 749 663 Mein
799 596 1078 663 verſtorbener
1128 596 1264 663 Vater
1307 596 1386 663 war
1436 596 1515 663 doch
1558 596 1615 663 ihr
1658 596 1866 663 leiblicher

626 678 833 742 Bruder,
880 678 966 742 aber
1006 678 1066 742 der
1106 678 1186 742 war
1233 678 1279 742 ein
1326 678 1426 742 ganʒ
1466 678 1639 742 anderer
1686 678 1872 742 Mann,

633 756 687 821 als
728 756 803 821 ſie;
851 756 878 821 in
926 756 1076 821 meinem
1144 756 1288 821 ganʒen
1342 756 1451 821 Leben
1513 756 1608 821 habe
1656 756 1697 821 ich
1758 756 1867 821 nicht

630 833 691 897 den
753 833 971 897 geriugſten
1019 833 1313 897 Wortwechſel
1354 833 1422 897 mit
1463 833 1518 897 ihm
1586 833 1757 897 gehabt,
1784 833 1860 897 und

636 908 680 991 ich
739 908 820 991 war
872 908 953 991 doch
1012 908 1100 991 ſchon
1167 908 1351 991 beynahe
1410 908 1506 991 fünf
1557 908 1720 991 Wochen
1779 908 1874 991 alt,

631 990 694 1052 als
744 990 772 1052 er
822 990 949 1052 ſtarb.

728 1067 947 1137 Sachau
1015 1067 1124 1137 (muß
1172 1067 1268 1137 wider
1322 1067 1445 1137 Willen
1493 1067 1630 1137 lachen.
1650 1067 1664 1137 )
1718 1067 1875 1137 Dum-

639 1140 720 1211 mer
765 1140 1083 1211 Schnicknack!

737 1225 905 1289 Wilh.
956 1225 1044 1289 (ihn
1117 1225 1314 1289 varodirend
1372 1225 1379 1289 )
1438 1225 1606 1289 Onkel,
1664 1225 1708 1289 ich
1767 1225 1861 1289 ſag's

634 1301 753 1367 ihnen
795 1301 850 1367 -
885 1301 1032 1367 treiben
1087 1301 1129 1367 ſie
1171 1301 1262 1367 mich
1303 1301 1401 1367 nicht
1443 1301 1547 1367 auf's
1589 1301 1777 1367 äußerſte
1819 1301 1882 1367 -

635 1379 684 1448 ſie
740 1379 859 1448 haben
922 1379 1055 1448 bisher
1118 1379 1195 1448 eine
1251 1379 1342 1448 gute
1391 1379 1538 1448 Nichte
1594 1379 1629 1448 an
1692 1379 1762 1448 mir
1818 1379 1874 1448 ge-

645 1459 780 1521 habt,
818 1459 908 1521 aber
953 1459 1011 1521 -

731 1514 990 1602 Sachau.
1026 1514 1148 1602 Ueber
1191 1514 1249 1602 die
1292 1514 1443 1602 Närrin
1493 1514 1543 1602 -
1587 1514 1788 1602 (lachend.
1802 1514 1809 1602 )

730 1607 915 1685 Wilh.
951 1607 1043 1685 Nun
1093 1607 1229 1685 denn,
1271 1607 1435 1685 dasmal
1478 1607 1606 1685 mag's
1656 1607 1678 1685 ſo
1735 1607 1877 1685 hinge-

644 1685 752 1756 hen!
795 1685 902 1756 geben
952 1685 988 1756 ſie
1031 1685 1095 1756 ſich
1138 1685 1210 1756 nur
1253 1685 1496 1756 ʒufrieden,
1539 1685 1575 1756 ich
1632 1685 1711 1756 will
1747 1685 1862 1756 ihnen

636 1768 761 1846 nichts
810 1768 934 1846 thun.
1004 1768 1115 1846 Da,
1170 1768 1246 1846 (ihm
1309 1768 1357 1846 die
1385 1768 1482 1846 Hand
1517 1768 1766 1846 hinhaltend)
1822 1768 1877 1846 -

645 1848 713 1929 ʒum
774 1848 979 1929 Ʒeichen,
1017 1848 1085 1929 daß
1130 1848 1168 1929 ich
1214 1848 1358 1929 wieder
1396 1848 1464 1929 gut
1502 1848 1593 1929 bin.
1631 1848 1684 1929 -
1715 1848 1867 1929 Hieher

646 1928 823 1994 geküßt!

733 1999 871 2071 Sach
900 1999 951 2071 au
1023 1999 1031 2071 (
1067 1999 1132 2071 ihre
1190 1999 1284 2071 Hand
1350 1999 1582 2071 wegſtoſſend.
1603 1999 1618 2071 )
1669 1999 1749 2071 Geh
1799 1999 1872 2071 mit

645 2083 778 2145 deinen
827 2083 1016 2145 Poſſen!

734 2145 921 2226 Wilh.
952 2145 1022 2226 Ein
1061 2145 1247 2226 galanter
1278 2145 1411 2226 Onkel
1442 2145 1519 2226 ſind
1558 2145 1636 2226 ſie;
1683 2145 1745 2226 das
1776 2145 1862 2226 muß

638 2236 728 2310 man
780 2236 892 2310 ihnen
944 2236 1093 2310 laſſen.
1161 2236 1243 2310 Die
1295 2236 1422 2310 ſchöne
1467 2236 1579 2310 Hand
1624 2236 1728 2310 ihrer
1773 2236 1870 2310 ſchö-

639 2313 707 2392 nen
753 2313 897 2392 Nichte
935 2313 1041 2392 nicht
1079 2313 1238 2392 einmal
1284 2313 1306 2392 ʒu
1352 2313 1519 2392 küſſen,
1556 2313 1670 2392 wenn
1723 2313 1761 2392 ſie
1799 2313 1860 2392 ſich

644 2392 902 2473 herabläßt,
947 2392 985 2473 ſie
1030 2392 1137 2473 ihnen
1197 2392 1311 2473 ſelbſt
1349 2392 1675 2473 darʒureichen,
1720 2392 1789 2473 und
1819 2392 1857 2473 ich

644 2469 768 2542 dächte
812 2469 930 2542 doch,
974 2469 1098 2542 meine
1142 2469 1252 2542 Hand
1296 2469 1406 2542 wäre
1457 2469 1479 2542 ſo
1538 2469 1626 2542 übel
1670 2469 1795 2542 nicht.
1817 2469 1868 2542 -

639 2549 759 2622 Loben
804 2549 849 2622 ſie
887 2549 932 2622 ſie
969 2549 1052 2622 doch
1089 2549 1142 2622 ein
1202 2549 1367 2622 wenig,
1412 2549 1683 2622 Onkelchen!
1728 2549 1765 2622 ſie
1810 2549 1863 2622 ge-

644 2632 741 2711 hört
792 2632 815 2711 ja
881 2632 970 2711 auch
1030 2632 1104 2711 mit
1148 2632 1178 2711 in
1237 2632 1319 2711 ihre
1371 2632 1585 2711 Familie,
1637 2632 1711 2711 und
1763 2632 1875 2711 alles,

642 2707 726 2780 was
787 2707 879 2780 daʒu
941 2707 1125 2780 gehört,
1179 2707 1217 2780 iſt
1271 2707 1440 2780 hübſch.
1509 2707 1586 2780 Sie
1639 2707 1701 2780 ʒum
1762 2707 1870 2780 Bey-

651 2790 753 2877 ſpiel
797 2790 863 2877 (um
915 2790 959 2877 ihn
995 2790 1091 2877 herum
1142 2790 1296 2877 gehend)
1340 2790 1377 2877 ſie
1406 2790 1479 2877 ſind
1516 2790 1560 2877 ein
1596 2790 1868 2877 ſcharmanter
