2479 3508
490 528 668 623 Mann,
692 528 855 623 dagegen
894 528 941 623 iſt
972 528 1096 623 nichts
1127 528 1158 623 ʒu
1197 528 1353 623 ſagen,
1399 528 1485 623 aber
1532 528 1578 623 ſie
1609 528 1742 623 wären

484 620 576 700 noch
626 620 902 700 tauſendmal
945 620 1264 700 ſcharmanter,
1307 620 1420 700 wenn
1477 620 1519 700 ſie
1562 620 1626 700 das
1690 620 1746 700 ſa-

476 707 560 778 tale
609 707 790 778 Project
825 707 901 778 mit
943 707 1222 778 Henriettens
1278 707 1466 778 Heurath
1522 707 1745 778 aufgebenl

574 784 835 878 Sachau.
875 784 1025 878 Willſt
1072 784 1104 878 du
1175 784 1262 878 mich
1318 784 1468 878 wieder
1515 784 1602 878 böſe
1658 784 1753 878 ma-

477 870 603 942 chen?
653 870 702 942 -

569 940 762 1020 Wilh.
800 940 985 1020 (bittend.
992 940 1008 1020 )
1046 940 1161 1020 Oder
1207 940 1461 1020 wenigſtens
1515 940 1599 1020 noch
1646 940 1745 1020 eini-

478 1026 518 1103 ge
542 1026 631 1103 Ʒeit
671 1026 953 1103 aufſchöben!

569 1101 827 1181 Sachau.
866 1101 937 1181 Laß
991 1101 1085 1181 mich
1132 1101 1367 1181 ʒufrieden.

564 1189 857 1256 Wilhem.
898 1189 973 1256 (ſich
1014 1189 1048 1256 an
1096 1189 1144 1256 ihn
1205 1189 1444 1256 ſchmiegend.
1464 1189 1471 1256 )
1525 1189 1710 1256 Herʒens

462 1274 748 1347 Onkelchen!
793 1274 891 1347 Nur
944 1274 1012 1347 auſ
1049 1274 1200 1347 kurʒe,
1245 1274 1358 1347 kurʒe
1403 1274 1523 1347 Ʒeit!
1561 1274 1629 1347 -

562 1347 819 1435 Sachau.
858 1347 1014 1435 (daſig.
1030 1347 1046 1435 )
1085 1347 1233 1435 Keinen
1272 1347 1381 1435 Tag,
1420 1347 1529 1435 keine
1553 1347 1732 1435 Stunde

460 1434 569 1505 keine
620 1434 831 1505 Minute!

555 1502 888 1590 Wilhelm.
925 1502 999 1590 (ihn
1035 1502 1287 1590 perodlerend.
1301 1502 1316 1590 )
1361 1502 1508 1590 Keinen
1560 1502 1730 1590 Augen-

456 1591 599 1662 blick,
634 1591 741 1662 keine
770 1591 977 1662 Sekunde
1020 1591 1077 1662 -
1112 1591 1198 1662 Seh
1234 1591 1312 1662 mir
1333 1591 1440 1662 einer
1483 1591 1540 1662 den
1583 1591 1726 1662 Trotʒ-

460 1671 551 1750 kopf
600 1671 677 1750 an!
719 1671 783 1750 -
825 1671 1000 1750 Onkel!
1043 1671 1092 1750 -
1134 1671 1274 1750 Onkel
1309 1671 1366 1750 -
1408 1671 1492 1750 man
1548 1671 1640 1750 muß
1675 1671 1731 1750 er-

454 1753 674 1824 ſchrecklich
726 1753 806 1824 viel
843 1753 1004 1824 Geduld
1063 1753 1136 1824 mit
1180 1753 1297 1824 ihnen
1356 1753 1524 1824 haben!

550 1838 816 1911 Sachau.
852 1838 981 1911 (wider
1032 1838 1161 1911 Willen
1219 1838 1384 1911 lachend.
1398 1838 1406 1911 )
1449 1838 1556 1911 Man
1621 1838 1715 1911 kann

452 1913 550 1983 über
599 1913 648 1983 die
696 1913 892 1983 Närrinn
940 1913 1045 1983 nicht
1080 1913 1171 1983 böſe
1219 1913 1415 1983 werden.
1449 1913 1505 1983 -

548 1997 727 2065 Wilh.
774 1997 883 2065 Oder
930 1997 1055 2065 wiſſen
1109 1997 1148 2065 ſie
1195 1997 1328 2065 was?
1382 1997 1546 2065 Damit
1585 1997 1632 2065 ſie
1663 1997 1718 2065 ſe-

464 2081 566 2159 hen,
613 2081 683 2159 daß
730 2081 801 2159 wir
848 2081 981 2159 billige
1020 2081 1232 2159 Mädchen
1287 2081 1404 2159 ſind;
1443 2081 1514 2159 wir
1569 2081 1710 2159 wollen

453 2159 526 2237 mit
570 2159 643 2237 uns
694 2159 869 2237 handeln
906 2159 1066 2237 laſſen,
1118 2159 1220 2237 ſagen
1264 2159 1307 2237 ſie
1344 2159 1424 2237 uns
1461 2159 1709 2237 wenigſtens

452 2242 502 2311 den
567 2242 725 2311 Namen
782 2242 839 2311 des
882 2242 1212 2311 auserwählten
1269 2242 1599 2311 Bräutigams.
1663 2242 1714 2311 Es

448 2327 492 2404 iſt
529 2327 611 2404 doch
663 2327 826 2404 träurig
885 2327 944 2404 für
1003 2327 1055 2404 die
1107 2327 1218 2404 arme
1277 2327 1544 2404 Henriette,
1603 2327 1707 2404 ihren

453 2404 655 2482 künftigen
707 2404 954 2482 Bräutigam
1029 2404 1133 2482 nicht
1186 2404 1350 2482 einmal
1402 2404 1462 2482 dem
1544 2404 1701 2482 Namen

458 2494 545 2566 nach
603 2494 632 2566 ʒu
676 2494 850 2566 kennen.

540 2565 805 2658 Sachau.
845 2565 973 2658 Wenn
1029 2565 1078 2658 ſie
1102 2565 1158 2658 ihn
1214 2565 1326 2658 vor'm
1383 2565 1503 2658 Altar
1527 2565 1720 2658 erfährt,

449 2649 533 2726 iſt's
575 2649 667 2726 auch
709 2649 827 2726 Ʒeit.

535 2732 724 2809 Wilh.
762 2732 815 2809 (an
861 2732 906 2809 ihm
952 2732 1141 2809 bängend.
1156 2732 1171 2809 )
1209 2732 1391 2809 Onkel!
1428 2732 1504 2809 aus
1557 2732 1716 2809 Barm-

450 2814 697 2884 herʒigkeit!
742 2814 959 2884 Bedenken
1011 2814 1086 2884 ſie,
1108 2814 1175 2884 daß
1228 2814 1295 2884 wir
1355 2814 1713 2884 Frauenʒimmer

447 2896 550 2990 ſind,
582 2896 653 2990 und
701 2896 764 2990 daß
819 2896 867 2990 die
898 2896 1081 2990 Neugier
1136 2896 1207 2990 uns
1255 2896 1318 2990 das
1366 2896 1469 2990 Herʒ
1500 2896 1730 2990 abdrückt.
