2479 3508
669 1312 1044 1432 Dritter
1144 1312 1619 1432 Auftritt.

612 549 872 618 Sachau.
904 549 1074 618 Nichts,
1115 549 1269 618 nichts.

615 615 797 700 Wilh.
829 615 932 700 Aber
979 615 1098 700 liebes
1145 615 1335 700 goldenes
1383 615 1557 700 Herʒens
1596 615 1763 700 Onkel-

519 708 636 782 chen!
671 708 733 782 -

609 768 872 855 Sachau.
909 768 962 855 Es
1015 768 1105 855 wird
1157 768 1277 855 nichts
1322 768 1518 855 daraus!

609 856 800 929 Wilh.
832 856 927 929 Nur
967 856 1023 929 den
1078 856 1198 929 erſten
1253 856 1555 929 Buchſtaben!
1595 856 1762 929 Bitte,

521 947 649 1002 bitte!

610 1011 858 1101 Sachau.
901 1011 1007 1101 (ſößt
1043 1011 1078 1101 ſie
1114 1011 1171 1101 von
1199 1011 1284 1101 ſich,
1327 1011 1469 1101 kampft
1490 1011 1554 1101 mit
1575 1011 1625 1101 dem
1674 1011 1752 1101 Fu-

506 1099 574 1169 ße,
611 1099 722 1169 macht
752 1099 820 1169 eine
863 1099 1061 1169 Beweguug
1104 1099 1165 1169 mit
1208 1099 1258 1169 dem
1319 1099 1480 1169 Munde,
1529 1099 1578 1169 als
1634 1099 1664 1169 ob
1720 1099 1751 1169 er

511 1169 607 1247 reden
651 1169 799 1247 wollte,
843 1169 920 1247 geht
952 1169 1029 1247 aber
1061 1169 1093 1247 ab
1131 1169 1138 1247 )

607 1731 791 1806 Wilh.
830 1731 922 1806 Nun
976 1731 999 1806 ſo
1061 1731 1153 1806 geh'
1199 1731 1299 1806 alter
1361 1731 1654 1806 Grießgram!
1700 1731 1761 1806 -

513 1812 648 1882 Liebes
700 1812 933 1882 Jettchen!
985 1812 1023 1882 ich
1083 1812 1180 1882 kann
1240 1812 1293 1882 dir
1345 1812 1600 1882 wahrhaftig
1653 1812 1757 1882 nicht

518 1889 676 1957 helfen.
712 1889 769 1957 -
805 1889 877 1957 Du
912 1889 1034 1957 mußt
1063 1889 1185 1957 davon
1221 1889 1393 1957 laufen.
1436 1889 1500 1957 Du
1543 1889 1665 1957 mußt
1694 1889 1758 1957 -

607 1957 783 2037 Henr.
829 1957 952 2037 Wenn
1005 1957 1044 2037 ich
1090 1957 1166 2037 nur
1204 1957 1273 2037 das
1319 1957 1419 2037 Herʒ
1457 1957 1595 2037 hätte.
1671 1957 1733 2037 Du

509 2051 659 2121 kannſt
700 2051 802 2121 nicht
843 2051 1055 2121 glauben,
1102 2051 1171 2121 wie
1225 2051 1334 2121 ſauer
1389 2051 1423 2121 es
1491 2051 1559 2121 mir
1614 2051 1750 2121 wird,

514 2129 606 2205 mich
652 2129 683 2205 ʒu
729 2129 851 2205 dieſem
905 2129 1096 2205 Schritte
1142 2129 1165 2205 ʒu
1211 2129 1510 2205 entſchlieſſen.

609 2204 797 2282 Wilh.
836 2204 977 2282 Nun,
1016 2204 1125 2282 wenn
1180 2204 1219 2282 du
1266 2204 1462 2282 glaubſt,
1501 2204 1564 2282 daß
1603 2204 1634 2282 du
1673 2204 1751 2282 beſ-

520 2279 564 2354 ſer
608 2279 726 2354 dabey
778 2279 939 2354 fährſt,
984 2279 1094 2354 wenn
1145 2279 1175 2354 du
1226 2279 1278 2354 den
1344 2279 1484 2354 Mann
1550 2279 1749 2354 nimmſt,

516 2367 581 2444 den
632 2367 704 2444 dein
754 2367 891 2444 Vater
927 2367 992 2444 für
1035 2367 1108 2444 dich
1144 2367 1396 2444 ausgeſucht
1432 2367 1533 2444 hat,
1576 2367 1749 2444 meinet-

516 2444 692 2523 wegen!
734 2444 952 2523 Heurathe
1001 2444 1128 2523 deinen
1178 2444 1480 2523 Anonymus!
1544 2444 1593 2523 Es
1649 2444 1734 2523 mag

516 2526 584 2601 gar
630 2526 683 2601 ein
736 2526 925 2601 ſauberes
970 2526 1107 2601 Stück
1160 2526 1402 2601 Bräutigam
1485 2526 1606 2601 ſeyn,
1667 2526 1750 2601 weil

522 2600 597 2683 dein
650 2600 786 2683 Vater
824 2600 847 2683 ſo
892 2600 1232 2683 geheimnißvoll
1270 2600 1338 2683 mit
1375 2600 1436 2683 ihm
1504 2600 1617 2683 thut.
1677 2600 1738 2683 Jch

520 2682 709 2759 glaube,
747 2682 815 2759 ſein
867 2682 1004 2759 Name
1049 2682 1087 2759 iſt
1124 2682 1230 2759 ſchon
1291 2682 1321 2759 ſo
1374 2682 1623 2759 widerlich,
1669 2682 1729 2759 daß

511 2760 600 2831 man
647 2760 702 2831 ihn
750 2760 852 2831 nicht
886 2760 1043 2831 einmal
1084 2760 1166 2831 gern
1220 2760 1363 2831 nennt.
1418 2760 1493 2831 Jch
1534 2760 1623 2831 will
1657 2760 1745 2831 wet-

515 2842 614 2925 ten,
659 2842 689 2925 es
735 2842 773 2925 iſt
810 2842 856 2925 ein
916 2842 1121 2925 plumper
1174 2842 1401 2925 bäuriſcher
1462 2842 1749 2925 Landjunker,

513 1469 917 1547 Wilhelmine
979 1469 1049 1547 und
1097 1469 1452 1547 Henriette,
1508 1469 1647 1547 welche
1702 1469 1765 1547 in-

638 1559 754 1626 deſſen
802 1559 904 1626 ganʒ
958 1559 1265 1626 ſchwermüthig
1326 1559 1347 1626 im
1435 1559 1749 1626 Hintergrunde

636 1639 797 1715 geſeſſen
850 1639 949 1715 hat,
995 1639 1072 1715 und
1110 1639 1194 1715 jetʒt
1232 1639 1438 1715 aufſteht.
