2479 3508
588 1323 964 1419 Vierter
1039 1323 1503 1419 Auftritt.

402 508 465 597 dem
527 508 590 597 der
629 508 731 597 liebe
771 508 880 597 Gott
920 508 959 597 an
1014 508 1123 597 feſten
1178 508 1359 597 Knochen
1414 508 1516 597 gab,
1563 508 1649 597 was

387 592 432 682 er
477 592 529 682 ihm
597 592 634 682 an
687 592 926 682 Verſtande
964 592 1129 682 abʒog,
1166 592 1264 682 oder
1309 592 1361 682 ein
1414 592 1646 682 abgelebter

394 674 663 764 Hageſtolʒ,
701 674 809 764 ohne
855 674 993 764 Ʒähne
1039 674 1116 764 und
1170 674 1347 764 Haare,
1393 674 1446 764 der
1493 674 1585 764 noch
1615 674 1638 764 in

392 759 530 849 ſeinen
587 759 685 849 fünf
718 759 791 849 und
840 759 1059 849 ſechʒigſten
1116 759 1255 849 Jahre
1296 759 1344 849 die
1377 759 1483 849 Ehre
1515 759 1646 849 haben

395 841 522 921 will,
567 841 604 921 an
657 841 761 921 einer
806 841 948 921 jungen
1000 841 1104 921 Frau
1157 841 1187 921 ʒu
1246 841 1425 921 ſterben.

503 924 687 1010 Henr.
727 924 815 1010 Ums
863 924 1222 1010 Himmelswillen
1270 924 1366 1010 höre
1406 924 1517 1010 auf!
1573 924 1645 1010 Jch

392 999 494 1079 will
531 999 611 1079 fort
647 999 698 1079 -
742 999 829 1079 noch
873 999 1026 1079 heute!

500 1070 680 1171 Wilh.
721 1070 819 1171 Ja,
859 1070 1023 1171 morgen
1080 1070 1210 1171 möcht
1251 1070 1284 1171 es
1325 1070 1504 1171 ohnehin
1545 1070 1643 1171 ſchon

400 1169 431 1238 ʒu
486 1169 571 1238 ſpät
610 1169 727 1238 ſeyn.

499 1568 683 1665 Wilh.
723 1568 827 1665 Eben
883 1568 987 1665 recht
1043 1568 1107 1665 daß
1171 1568 1219 1665 ſie
1267 1568 1492 1665 kommen,
1548 1568 1644 1665 mein

397 1655 557 1731 ſchöner
595 1655 724 1731 Paris
762 1655 816 1731 -
854 1655 938 1731 ihre
976 1655 1128 1731 Helene
1166 1655 1227 1731 -

495 1730 785 1814 Buchenh.
821 1730 945 1814 (indem
1003 1730 1032 1814 er
1083 1730 1286 1814 Henrietten
1329 1730 1373 1814 die
1416 1730 1518 1814 Hand
1547 1730 1656 1814 küßt)

395 1811 560 1891 Paris,
607 1811 811 1891 Helena,
858 1811 952 1891 dieſe
992 1811 1148 1891 Namen
1203 1811 1282 1891 ſind
1329 1811 1392 1891 für
1431 1811 1525 1891 mich
1572 1811 1635 1891 von

400 1892 485 1984 ſehr
532 1892 647 1984 guter
694 1892 979 1984 Bedeutung.
1018 1892 1103 1984 Hat
1141 1892 1203 1984 ſich
1250 1892 1381 1984 meine
1427 1892 1651 1984 Henriette

409 1976 580 2044 wirklich
625 1976 930 2044 entſchloſſen?

492 2044 678 2125 Wilh.
732 2044 825 2125 Mit
872 2044 988 2125 ihnen
1058 2044 1182 2125 davon
1252 2044 1283 2125 ʒu
1345 2044 1547 2125 lauſen?
1601 2044 1663 2125 -

397 2137 621 2216 (Henriette
658 2137 770 2216 winkt
800 2137 874 2216 ibr.
889 2137 896 2216 )
941 2137 1031 2216 Der
1075 2137 1269 2216 Himmel
1307 2137 1500 2216 bewahre
1553 2137 1657 2216 uns.

396 2213 537 2299 Sehen
592 2213 631 2299 ſie
678 2213 811 2299 nicht,
843 2213 913 2299 wie
960 2213 1031 2299 mir
1062 2213 1282 2299 Henriette
1313 2213 1470 2299 winkt,
1509 2213 1572 2299 daß
1611 2213 1658 2299 ich

403 2297 503 2379 nicht
542 2297 565 2379 ſo
619 2297 719 2379 ſagen
772 2297 872 2379 ſoll?
919 2297 1003 2379 Für
1049 2297 1134 2379 was
1165 2297 1303 2379 halten
1342 2297 1388 2379 ſie
1418 2297 1518 2379 uns,
1549 2297 1642 2379 mein

409 2376 548 2458 Herr?
594 2376 801 2458 Mädchen
848 2376 917 2458 wie
948 2376 1048 2458 wir,
1071 2376 1209 2458 laufen
1263 2376 1332 2458 mit
1363 2376 1486 2458 keinem
1547 2376 1655 2458 Lieb-

403 2458 522 2534 haber
559 2458 723 2534 davon.
798 2458 1021 2534 Höchſtens
1080 2458 1237 2534 machen
1296 2458 1363 2534 wir
1422 2458 1519 2534 etwa
1579 2458 1646 2534 ʒur

405 2538 713 2618 Veränderung
765 2538 840 2618 mit
885 2538 990 2618 einem
1057 2538 1230 2618 gewiſſen
1290 2538 1417 2618 Herrn
1477 2538 1514 2618 v.
1559 2538 1657 2618 Bu-

406 2621 592 2696 chenhain
646 2621 747 2696 ohne
785 2621 1026 2696 Vorwiſſen
1072 2621 1126 2696 des
1181 2621 1343 2696 Vaters
1390 2621 1467 2696 eine
1522 2621 1646 2696 kleine

404 2701 726 2781 Spaʒierfahrt
779 2701 810 2781 ʒu
864 2701 986 2781 ſeiner
1032 2701 1193 2781 Tante.
1224 2701 1285 2781 -
1331 2701 1477 2781 Kurʒ,
1515 2701 1646 2781 meine

407 2778 580 2863 Gründe
622 2778 745 2863 haben
803 2778 943 2863 endlich
993 2778 1075 2863 ihre
1117 2778 1265 2863 Furcht
1306 2778 1479 2863 beſiegt.

495 2860 790 2953 Buchenh.
832 2860 941 2953 So?
984 2860 1059 2953 und
1101 2860 1186 2953 ihre
1228 2860 1337 2953 Liebe
1379 2860 1413 2953 ʒu
1463 2860 1539 2953 mir
1581 2860 1648 2953 hat

536 1470 643 1546 Die
696 1470 994 1546 Vorigen.
1039 1470 1078 1546 v.
1116 1470 1528 1546 Buchenhain.
