<PcGts xmlns="http://schema.primaresearch.org/PAGE/gts/pagecontent/2019-07-15" xmlns:xsi="http://www.w3.org/2001/XMLSchema-instance" xsi:schemaLocation="http://schema.primaresearch.org/PAGE/gts/pagecontent/2019-07-15 http://schema.primaresearch.org/PAGE/gts/pagecontent/2019-07-15/pagecontent.xsd">
  <Metadata>
    <Creator/>
    <Created>2025-06-18T16:36:53</Created>
    <LastChange>2025-06-18T16:36:53</LastChange>
    <Comments/>
  </Metadata>
  <Page imageFilename="0019.png" imageHeight="3508" imageWidth="2479" orientation="0.0">
    <TextRegion id="r1" type="paragraph">
      <Coords points="543,2915 543,473 1862,473 1862,2915"/>
      <TextLine id="r1_l001">
        <Coords points="589,576 1837,576 1837,493 589,493 589,576"/>
        <Word id="w2205">
          <Coords points="595,493 663,493 663,576 595,576"/>
          <Glyph id="w2205g0">
            <Coords points="595,493 610,493 610,576 595,576"/>
            <TextEquiv index="1" conf="0.9999987840652466">
              <Unicode>g</Unicode>
            </TextEquiv>
          </Glyph>
          <Glyph id="w2205g1">
            <Coords points="633,493 633,493 633,576 633,576"/>
            <TextEquiv index="1" conf="0.9999740839004516">
              <Unicode>a</Unicode>
            </TextEquiv>
          </Glyph>
          <Glyph id="w2205g2">
            <Coords points="656,493 663,493 663,576 656,576"/>
            <TextEquiv index="1" conf="0.9999987363815308">
              <Unicode>r</Unicode>
            </TextEquiv>
          </Glyph>
          <TextEquiv index="1" conf="0.9999716044130257">
            <Unicode>gar</Unicode>
          </TextEquiv>
        </Word>
        <Word id="w2206">
          <Coords points="701,493 830,493 830,576 701,576"/>
          <Glyph id="w2206g0">
            <Coords points="701,493 709,493 709,576 701,576"/>
            <TextEquiv index="1" conf="0.9999612033367158">
              <Unicode>k</Unicode>
            </TextEquiv>
          </Glyph>
          <Glyph id="w2206g1">
            <Coords points="732,493 732,493 732,576 732,576"/>
            <TextEquiv index="1" conf="0.9999997496604919">
              <Unicode>e</Unicode>
            </TextEquiv>
          </Glyph>
          <Glyph id="w2206g2">
            <Coords points="754,493 754,493 754,576 754,576"/>
            <TextEquiv index="1" conf="0.9999986767768859">
              <Unicode>i</Unicode>
            </TextEquiv>
          </Glyph>
          <Glyph id="w2206g3">
            <Coords points="769,493 777,493 777,576 769,576"/>
            <TextEquiv index="1" conf="0.9999997735023497">
              <Unicode>n</Unicode>
            </TextEquiv>
          </Glyph>
          <Glyph id="w2206g4">
            <Coords points="800,493 807,493 807,576 800,576"/>
            <TextEquiv index="1" conf="0.9999994277954101">
              <Unicode>e</Unicode>
            </TextEquiv>
          </Glyph>
          <Glyph id="w2206g5">
            <Coords points="830,493 830,493 830,576 830,576"/>
            <TextEquiv index="1" conf="0.9999934434890747">
              <Unicode>n</Unicode>
            </TextEquiv>
          </Glyph>
          <TextEquiv index="1" conf="0.9999522749246056">
            <Unicode>keinen</Unicode>
          </TextEquiv>
        </Word>
        <Word id="w2207">
          <Coords points="875,493 1057,493 1057,576 875,576"/>
          <Glyph id="w2207g0">
            <Coords points="875,493 883,493 883,576 875,576"/>
            <TextEquiv index="1" conf="0.9999919533729553">
              <Unicode>A</Unicode>
            </TextEquiv>
          </Glyph>
          <Glyph id="w2207g1">
            <Coords points="921,493 928,493 928,576 921,576"/>
            <TextEquiv index="1" conf="0.9984430611133576">
              <Unicode>n</Unicode>
            </TextEquiv>
          </Glyph>
          <Glyph id="w2207g2">
            <Coords points="959,493 959,493 959,576 959,576"/>
            <TextEquiv index="1" conf="0.9999981760978698">
              <Unicode>t</Unicode>
            </TextEquiv>
          </Glyph>
          <Glyph id="w2207g3">
            <Coords points="974,493 981,493 981,576 974,576"/>
            <TextEquiv index="1" conf="0.9999957919120789">
              <Unicode>h</Unicode>
            </TextEquiv>
          </Glyph>
          <Glyph id="w2207g4">
            <Coords points="1012,493 1012,493 1012,576 1012,576"/>
            <TextEquiv index="1" conf="0.999997889995575">
              <Unicode>e</Unicode>
            </TextEquiv>
          </Glyph>
          <Glyph id="w2207g5">
            <Coords points="1034,493 1034,493 1034,576 1034,576"/>
            <TextEquiv index="1" conf="0.9999999165534973">
              <Unicode>i</Unicode>
            </TextEquiv>
          </Glyph>
          <Glyph id="w2207g6">
            <Coords points="1050,493 1057,493 1057,576 1050,576"/>
            <TextEquiv index="1" conf="0.99999920129776">
              <Unicode>l</Unicode>
            </TextEquiv>
          </Glyph>
          <TextEquiv index="1" conf="0.9984260170213493">
            <Unicode>Antheil</Unicode>
          </TextEquiv>
        </Word>
        <Word id="w2208">
          <Coords points="1087,493 1125,493 1125,576 1087,576"/>
          <Glyph id="w2208g0">
            <Coords points="1087,493 1095,493 1095,576 1087,576"/>
            <TextEquiv index="1" conf="0.9999990105628969">
              <Unicode>a</Unicode>
            </TextEquiv>
          </Glyph>
          <Glyph id="w2208g1">
            <Coords points="1125,493 1125,493 1125,576 1125,576"/>
            <TextEquiv index="1" conf="0.999980914592743">
              <Unicode>n</Unicode>
            </TextEquiv>
          </Glyph>
          <TextEquiv index="1" conf="0.9999799251745236">
            <Unicode>an</Unicode>
          </TextEquiv>
        </Word>
        <Word id="w2209">
          <Coords points="1186,493 1292,493 1292,576 1186,576"/>
          <Glyph id="w2209g0">
            <Coords points="1186,493 1194,493 1194,576 1186,576"/>
            <TextEquiv index="1" conf="0.9999900698661804">
              <Unicode>i</Unicode>
            </TextEquiv>
          </Glyph>
          <Glyph id="w2209g1">
            <Coords points="1209,493 1216,493 1216,576 1209,576"/>
            <TextEquiv index="1" conf="0.9999972105026245">
              <Unicode>h</Unicode>
            </TextEquiv>
          </Glyph>
          <Glyph id="w2209g2">
            <Coords points="1239,493 1239,493 1239,576 1239,576"/>
            <TextEquiv index="1" conf="0.9999307334423067">
              <Unicode>r</Unicode>
            </TextEquiv>
          </Glyph>
          <Glyph id="w2209g3">
            <Coords points="1262,493 1262,493 1262,576 1262,576"/>
            <TextEquiv index="1" conf="0.9999905467033386">
              <Unicode>e</Unicode>
            </TextEquiv>
          </Glyph>
          <Glyph id="w2209g4">
            <Coords points="1284,493 1292,493 1292,576 1284,576"/>
            <TextEquiv index="1" conf="0.9960642457008361">
              <Unicode>m</Unicode>
            </TextEquiv>
          </Glyph>
          <TextEquiv index="1" conf="0.995973167775782">
            <Unicode>ihrem</Unicode>
          </TextEquiv>
        </Word>
        <Word id="w2210">
          <Coords points="1368,493 1663,493 1663,576 1368,576"/>
          <Glyph id="w2210g0">
            <Coords points="1368,493 1375,493 1375,576 1368,576"/>
            <TextEquiv index="1" conf="0.9999663412570954">
              <Unicode>E</Unicode>
            </TextEquiv>
          </Glyph>
          <Glyph id="w2210g1">
            <Coords points="1421,493 1428,493 1428,576 1421,576"/>
            <TextEquiv index="1" conf="0.6892386823892593">
              <Unicode>u</Unicode>
            </TextEquiv>
          </Glyph>
          <Glyph id="w2210g2">
            <Coords points="1451,493 1459,493 1459,576 1451,576"/>
            <TextEquiv index="1" conf="0.9988638401031494">
              <Unicode>t</Unicode>
            </TextEquiv>
          </Glyph>
          <Glyph id="w2210g3">
            <Coords points="1481,493 1481,493 1481,576 1481,576"/>
            <TextEquiv index="1" conf="0.9994802474975586">
              <Unicode>ſ</Unicode>
            </TextEquiv>
          </Glyph>
          <Glyph id="w2210g4">
            <Coords points="1496,493 1496,493 1496,576 1496,576"/>
            <TextEquiv index="1" conf="0.9999962687492371">
              <Unicode>c</Unicode>
            </TextEquiv>
          </Glyph>
          <Glyph id="w2210g5">
            <Coords points="1504,493 1512,493 1512,576 1504,576"/>
            <TextEquiv index="1" conf="0.9999976992607116">
              <Unicode>h</Unicode>
            </TextEquiv>
          </Glyph>
          <Glyph id="w2210g6">
            <Coords points="1534,493 1542,493 1542,576 1534,576"/>
            <TextEquiv index="1" conf="0.9999457359313964">
              <Unicode>l</Unicode>
            </TextEquiv>
          </Glyph>
          <Glyph id="w2210g7">
            <Coords points="1557,493 1557,493 1557,576 1557,576"/>
            <TextEquiv index="1" conf="0.9994965851306915">
              <Unicode>u</Unicode>
            </TextEquiv>
          </Glyph>
          <Glyph id="w2210g8">
            <Coords points="1587,493 1595,493 1595,576 1587,576"/>
            <TextEquiv index="1" conf="0.9997257053852081">
              <Unicode>ſ</Unicode>
            </TextEquiv>
          </Glyph>
          <Glyph id="w2210g9">
            <Coords points="1610,493 1610,493 1610,576 1610,576"/>
            <TextEquiv index="1" conf="0.999917209148407">
              <Unicode>ſ</Unicode>
            </TextEquiv>
          </Glyph>
          <Glyph id="w2210g10">
            <Coords points="1625,493 1625,493 1625,576 1625,576"/>
            <TextEquiv index="1" conf="0.9999894738197326">
              <Unicode>e</Unicode>
            </TextEquiv>
          </Glyph>
          <Glyph id="w2210g11">
            <Coords points="1655,493 1663,493 1663,576 1655,576"/>
            <TextEquiv index="1" conf="0.99918971657753">
              <Unicode>,</Unicode>
            </TextEquiv>
          </Glyph>
          <TextEquiv index="1" conf="0.6868769561422214">
            <Unicode>Eutſchluſſe,</Unicode>
          </TextEquiv>
        </Word>
        <Word id="w2211">
          <Coords points="1724,493 1837,493 1837,576 1724,576"/>
          <Glyph id="w2211g0">
            <Coords points="1724,493 1739,493 1739,576 1724,576"/>
            <TextEquiv index="1" conf="0.9999267101287841">
              <Unicode>H</Unicode>
            </TextEquiv>
          </Glyph>
          <Glyph id="w2211g1">
            <Coords points="1769,493 1777,493 1777,576 1769,576"/>
            <TextEquiv index="1" conf="0.9999925017356872">
              <Unicode>e</Unicode>
            </TextEquiv>
          </Glyph>
          <Glyph id="w2211g2">
            <Coords points="1792,493 1799,493 1799,576 1792,576"/>
            <TextEquiv index="1" conf="0.9996504426002503">
              <Unicode>n</Unicode>
            </TextEquiv>
          </Glyph>
          <Glyph id="w2211g3">
            <Coords points="1830,493 1837,493 1837,576 1830,576"/>
            <TextEquiv index="1" conf="0.9998166084289549">
              <Unicode>-</Unicode>
            </TextEquiv>
          </Glyph>
          <TextEquiv index="1" conf="0.9993863705995859">
            <Unicode>Hen-</Unicode>
          </TextEquiv>
        </Word>
        <TextEquiv index="1" conf="0.992875111964014">
          <Unicode>gar keinen Antheil an ihrem Eutſchluſſe, Hen-</Unicode>
        </TextEquiv>
      </TextLine>
      <TextLine id="r1_l002">
        <Coords points="590,632 931,632 931,582 590,582 590,632"/>
        <Word id="w2212">
          <Coords points="591,582 747,582 747,632 591,632"/>
          <Glyph id="w2212g0">
            <Coords points="591,582 597,582 597,632 591,632"/>
            <TextEquiv index="1" conf="0.9999868392944337">
              <Unicode>r</Unicode>
            </TextEquiv>
          </Glyph>
          <Glyph id="w2212g1">
            <Coords points="620,582 626,582 626,632 620,632"/>
            <TextEquiv index="1" conf="0.9976298213005066">
              <Unicode>i</Unicode>
            </TextEquiv>
          </Glyph>
          <Glyph id="w2212g2">
            <Coords points="637,582 643,582 643,632 637,632"/>
            <TextEquiv index="1" conf="0.9999725937843323">
              <Unicode>e</Unicode>
            </TextEquiv>
          </Glyph>
          <Glyph id="w2212g3">
            <Coords points="660,582 666,582 666,632 660,632"/>
            <TextEquiv index="1" conf="0.9999596178531647">
              <Unicode>t</Unicode>
            </TextEquiv>
          </Glyph>
          <Glyph id="w2212g4">
            <Coords points="684,582 689,582 689,632 684,632"/>
            <TextEquiv index="1" conf="0.999367517232895">
              <Unicode>t</Unicode>
            </TextEquiv>
          </Glyph>
          <Glyph id="w2212g5">
            <Coords points="701,582 707,582 707,632 701,632"/>
            <TextEquiv index="1" conf="0.9999886751174928">
              <Unicode>e</Unicode>
            </TextEquiv>
          </Glyph>
          <Glyph id="w2212g6">
            <Coords points="742,582 747,582 747,632 742,632"/>
            <TextEquiv index="1" conf="0.9999809741973875">
              <Unicode>?</Unicode>
            </TextEquiv>
          </Glyph>
          <TextEquiv index="1" conf="0.9968878765631036">
            <Unicode>riette?</Unicode>
          </TextEquiv>
        </Word>
        <Word id="w2213">
          <Coords points="794,582 852,582 852,632 794,632"/>
          <Glyph id="w2213g0">
            <Coords points="794,582 852,582 852,632 794,632"/>
            <TextEquiv index="1" conf="0.9999461412429809">
              <Unicode>-</Unicode>
            </TextEquiv>
          </Glyph>
          <TextEquiv index="1" conf="0.9999461412429809">
            <Unicode>-</Unicode>
          </TextEquiv>
        </Word>
        <TextEquiv index="1" conf="0.9987686653931936">
          <Unicode>riette? -</Unicode>
        </TextEquiv>
      </TextLine>
      <TextLine id="r1_l003">
        <Coords points="616,728 1851,728 1851,652 616,652 616,728"/>
        <Word id="w2214">
          <Coords points="689,652 868,652 868,728 689,728"/>
          <Glyph id="w2214g0">
            <Coords points="689,652 704,652 704,728 689,728"/>
            <TextEquiv index="1" conf="0.9997204422950745">
              <Unicode>H</Unicode>
            </TextEquiv>
          </Glyph>
          <Glyph id="w2214g1">
            <Coords points="748,652 756,652 756,728 748,728"/>
            <TextEquiv index="1" conf="0.9999788880348205">
              <Unicode>e</Unicode>
            </TextEquiv>
          </Glyph>
          <Glyph id="w2214g2">
            <Coords points="786,652 793,652 793,728 786,728"/>
            <TextEquiv index="1" conf="0.9999506354331971">
              <Unicode>n</Unicode>
            </TextEquiv>
          </Glyph>
          <Glyph id="w2214g3">
            <Coords points="830,652 838,652 838,728 830,728"/>
            <TextEquiv index="1" conf="0.9993550062179566">
              <Unicode>r</Unicode>
            </TextEquiv>
          </Glyph>
          <Glyph id="w2214g4">
            <Coords points="860,652 868,652 868,728 860,728"/>
            <TextEquiv index="1" conf="0.9996527194976805">
              <Unicode>.</Unicode>
            </TextEquiv>
          </Glyph>
          <TextEquiv index="1" conf="0.9986582834476302">
            <Unicode>Henr.</Unicode>
          </TextEquiv>
        </Word>
        <Word id="w2215">
          <Coords points="905,652 1069,652 1069,728 905,728"/>
          <Glyph id="w2215g0">
            <Coords points="905,652 912,652 912,728 905,728"/>
            <TextEquiv index="1" conf="0.9998519361019135">
              <Unicode>K</Unicode>
            </TextEquiv>
          </Glyph>
          <Glyph id="w2215g1">
            <Coords points="950,652 950,652 950,728 950,728"/>
            <TextEquiv index="1" conf="0.9999170124530792">
              <Unicode>ö</Unicode>
            </TextEquiv>
          </Glyph>
          <Glyph id="w2215g2">
            <Coords points="979,652 979,652 979,728 979,728"/>
            <TextEquiv index="1" conf="0.9999989390373231">
              <Unicode>n</Unicode>
            </TextEquiv>
          </Glyph>
          <Glyph id="w2215g3">
            <Coords points="1009,652 1017,652 1017,728 1009,728"/>
            <TextEquiv index="1" conf="0.9999985337257385">
              <Unicode>n</Unicode>
            </TextEquiv>
          </Glyph>
          <Glyph id="w2215g4">
            <Coords points="1039,652 1046,652 1046,728 1039,728"/>
            <TextEquiv index="1" conf="0.999997866153717">
              <Unicode>e</Unicode>
            </TextEquiv>
          </Glyph>
          <Glyph id="w2215g5">
            <Coords points="1069,652 1069,652 1069,728 1069,728"/>
            <TextEquiv index="1" conf="0.9999992132186889">
              <Unicode>n</Unicode>
            </TextEquiv>
          </Glyph>
          <TextEquiv index="1" conf="0.9997635142472031">
            <Unicode>Können</Unicode>
          </TextEquiv>
        </Word>
        <Word id="w2216">
          <Coords points="1121,652 1166,652 1166,728 1121,728"/>
          <Glyph id="w2216g0">
            <Coords points="1121,652 1128,652 1128,728 1121,728"/>
            <TextEquiv index="1" conf="0.9999549150466919">
              <Unicode>ſ</Unicode>
            </TextEquiv>
          </Glyph>
          <Glyph id="w2216g1">
            <Coords points="1143,652 1151,652 1151,728 1143,728"/>
            <TextEquiv index="1" conf="0.9999998450279235">
              <Unicode>i</Unicode>
            </TextEquiv>
          </Glyph>
          <Glyph id="w2216g2">
            <Coords points="1166,652 1166,652 1166,728 1166,728"/>
            <TextEquiv index="1" conf="0.9999984264373778">
              <Unicode>e</Unicode>
            </TextEquiv>
          </Glyph>
          <TextEquiv index="1" conf="0.9999531865901679">
            <Unicode>ſie</Unicode>
          </TextEquiv>
        </Word>
        <Word id="w2217">
          <Coords points="1210,652 1277,652 1277,728 1210,728"/>
          <Glyph id="w2217g0">
            <Coords points="1210,652 1218,652 1218,728 1210,728"/>
            <TextEquiv index="1" conf="0.9999956011772155">
              <Unicode>d</Unicode>
            </TextEquiv>
          </Glyph>
          <Glyph id="w2217g1">
            <Coords points="1240,652 1248,652 1248,728 1240,728"/>
            <TextEquiv index="1" conf="0.9998293101787568">
              <Unicode>a</Unicode>
            </TextEquiv>
          </Glyph>
          <Glyph id="w2217g2">
            <Coords points="1270,652 1277,652 1277,728 1270,728"/>
            <TextEquiv index="1" conf="0.9999069035053253">
              <Unicode>s</Unicode>
            </TextEquiv>
          </Glyph>
          <TextEquiv index="1" conf="0.9997318319122009">
            <Unicode>das</Unicode>
          </TextEquiv>
        </Word>
        <Word id="w2218">
          <Coords points="1322,652 1501,652 1501,728 1322,728"/>
          <Glyph id="w2218g0">
            <Coords points="1322,652 1330,652 1330,728 1322,728"/>
            <TextEquiv index="1" conf="0.9999065339565277">
              <Unicode>f</Unicode>
            </TextEquiv>
          </Glyph>
          <Glyph id="w2218g1">
            <Coords points="1344,652 1344,652 1344,728 1344,728"/>
            <TextEquiv index="1" conf="0.9999990105628966">
              <Unicode>r</Unicode>
            </TextEquiv>
          </Glyph>
          <Glyph id="w2218g2">
            <Coords points="1367,652 1374,652 1374,728 1367,728"/>
            <TextEquiv index="1" conf="0.9999983787536622">
              <Unicode>a</Unicode>
            </TextEquiv>
          </Glyph>
          <Glyph id="w2218g3">
            <Coords points="1397,652 1397,652 1397,728 1397,728"/>
            <TextEquiv index="1" conf="0.9999997735023498">
              <Unicode>g</Unicode>
            </TextEquiv>
          </Glyph>
          <Glyph id="w2218g4">
            <Coords points="1419,652 1426,652 1426,728 1419,728"/>
            <TextEquiv index="1" conf="0.999998950958252">
              <Unicode>e</Unicode>
            </TextEquiv>
          </Glyph>
          <Glyph id="w2218g5">
            <Coords points="1441,652 1449,652 1449,728 1441,728"/>
            <TextEquiv index="1" conf="0.9999995827674866">
              <Unicode>n</Unicode>
            </TextEquiv>
          </Glyph>
          <Glyph id="w2218g6">
            <Coords points="1493,652 1501,652 1501,728 1493,728"/>
            <TextEquiv index="1" conf="0.9963677108287813">
              <Unicode>?</Unicode>
            </TextEquiv>
          </Glyph>
          <TextEquiv index="1" conf="0.996270296864582">
            <Unicode>fragen?</Unicode>
          </TextEquiv>
        </Word>
        <Word id="w2219">
          <Coords points="1560,652 1613,652 1613,728 1560,728"/>
          <Glyph id="w2219g0">
            <Coords points="1560,652 1568,652 1568,728 1560,728"/>
            <TextEquiv index="1" conf="0.9999998331069946">
              <Unicode>a</Unicode>
            </TextEquiv>
          </Glyph>
          <Glyph id="w2219g1">
            <Coords points="1590,652 1598,652 1598,728 1590,728"/>
            <TextEquiv index="1" conf="0.9999899983406066">
              <Unicode>l</Unicode>
            </TextEquiv>
          </Glyph>
          <Glyph id="w2219g2">
            <Coords points="1613,652 1613,652 1613,728 1613,728"/>
            <TextEquiv index="1" conf="0.9999330103397369">
              <Unicode>s</Unicode>
            </TextEquiv>
          </Glyph>
          <TextEquiv index="1" conf="0.9999228424701951">
            <Unicode>als</Unicode>
          </TextEquiv>
        </Word>
        <Word id="w2220">
          <Coords points="1672,652 1709,652 1709,728 1672,728"/>
          <Glyph id="w2220g0">
            <Coords points="1672,652 1680,652 1680,728 1672,728"/>
            <TextEquiv index="1" conf="0.9999979615211486">
              <Unicode>o</Unicode>
            </TextEquiv>
          </Glyph>
          <Glyph id="w2220g1">
            <Coords points="1702,652 1709,652 1709,728 1702,728"/>
            <TextEquiv index="1" conf="0.9999556601047517">
              <Unicode>b</Unicode>
            </TextEquiv>
          </Glyph>
          <TextEquiv index="1" conf="0.9999536217162862">
            <Unicode>ob</Unicode>
          </TextEquiv>
        </Word>
        <Word id="w2221">
          <Coords points="1776,652 1821,652 1821,728 1776,728"/>
          <Glyph id="w2221g0">
            <Coords points="1776,652 1784,652 1784,728 1776,728"/>
            <TextEquiv index="1" conf="0.99963219165802">
              <Unicode>ſ</Unicode>
            </TextEquiv>
          </Glyph>
          <Glyph id="w2221g1">
            <Coords points="1799,652 1806,652 1806,728 1799,728"/>
            <TextEquiv index="1" conf="0.9999990701675414">
              <Unicode>i</Unicode>
            </TextEquiv>
          </Glyph>
          <Glyph id="w2221g2">
            <Coords points="1814,652 1821,652 1821,728 1814,728"/>
            <TextEquiv index="1" conf="0.9999958038330078">
              <Unicode>e</Unicode>
            </TextEquiv>
          </Glyph>
          <TextEquiv index="1" conf="0.9996270675478548">
            <Unicode>ſie</Unicode>
          </TextEquiv>
        </Word>
        <TextEquiv index="1" conf="0.9998363037904104">
          <Unicode>Henr. Können ſie das fragen? als ob ſie</Unicode>
        </TextEquiv>
      </TextLine>
      <TextLine id="r1_l004">
        <Coords points="1494,817 1495,816 1495,798 1496,797 1508,797 1508,798 1508,800 1511,802 1524,802 1524,803 1524,806 1526,807 1527,807 1527,805 1528,804 1575,804 1576,803 1576,802 1577,801 1577,800 1578,799 1578,798 1579,797 1657,797 1657,798 1657,799 1658,799 1730,799 1730,800 1730,802 1732,803 1733,803 1734,802 1734,796 1735,795 1788,795 1788,796 1788,797 1790,798 1791,798 1793,796 1794,796 1796,794 1796,792 1797,791 1797,790 1800,787 1816,787 1817,786 1822,786 1824,784 1824,772 1825,771 1825,767 1824,765 1822,765 1821,764 1804,764 1803,764 1803,758 1802,757 1802,756 1802,755 1801,755 1797,751 1795,751 1794,752 1793,752 1792,753 1791,753 1790,754 1790,755 1789,756 1789,760 1672,760 1671,759 1622,759 1621,759 1621,745 1620,744 1620,740 1620,739 1595,739 1593,738 1593,737 1591,734 1589,736 1588,736 1587,737 1580,737 1579,738 1577,738 1575,740 1516,740 1515,741 1436,741 1434,739 1432,739 1431,740 1430,740 1428,742 1427,742 1426,743 1366,743 1361,748 1361,769 1293,769 1292,769 1292,761 1291,760 1291,759 1291,758 1290,758 1289,757 1288,757 1287,756 1274,756 1273,755 1258,755 1256,753 1235,753 1234,753 1234,752 1233,750 1216,750 1215,750 1215,739 1214,737 1209,737 1208,736 1181,736 1180,736 1180,734 1178,731 1171,731 1170,732 1169,732 1166,735 1166,750 1118,750 1117,750 1117,749 1117,748 1073,748 1072,749 1071,749 1069,751 970,751 969,751 969,739 968,737 967,737 966,738 965,738 964,739 963,739 959,743 958,743 957,744 957,745 956,746 956,751 855,751 854,751 854,739 854,738 853,738 852,737 848,737 847,738 845,738 844,739 820,739 819,740 748,740 747,740 747,737 747,736 741,736 740,737 701,737 698,740 698,744 629,744 628,743 622,743 621,744 620,744 619,745 619,750 598,750 597,751 596,751 594,753 593,753 591,755 590,755 586,759 586,761 585,762 585,774 586,775 586,776 587,777 587,778 588,779 588,780 590,782 590,783 591,784 591,785 594,787 615,787 615,788 615,789 616,789 617,789 617,790 617,791 618,791 620,789 620,786 621,785 627,785 628,784 703,784 704,785 732,785 734,787 735,787 736,789 736,796 738,797 739,797 740,796 741,796 742,795 743,795 744,794 841,794 841,795 841,797 843,798 847,798 849,796 850,796 851,795 851,794 852,793 853,793 856,790 856,789 857,788 857,785 858,784 960,784 961,785 1034,785 1034,786 1034,792 1035,793 1035,794 1037,795 1038,795 1039,796 1042,796 1043,797 1051,797 1053,795 1053,794 1058,789 1058,785 1059,784 1137,784 1138,785 1193,785 1193,786 1193,794 1194,795 1194,796 1196,797 1197,797 1201,793 1204,793 1205,792 1206,792 1207,791 1210,791 1212,789 1312,789 1312,790 1312,797 1313,798 1313,799 1314,799 1316,799 1322,793 1322,792 1324,790 1421,790 1421,791 1421,799 1422,800 1422,801 1424,802 1425,802 1426,801 1427,801 1428,800 1429,800 1430,799 1431,799 1432,798 1436,798 1437,797 1491,797 1491,798 1491,817 1492,817 1494,817"/>
        <Word id="w2222">
          <Coords points="599,731 629,731 629,817 599,817"/>
          <Glyph id="w2222g0">
            <Coords points="599,731 607,731 607,817 599,817"/>
            <TextEquiv index="1" conf="0.9999975442886353">
              <Unicode>e</Unicode>
            </TextEquiv>
          </Glyph>
          <Glyph id="w2222g1">
            <Coords points="622,731 629,731 629,817 622,817"/>
            <TextEquiv index="1" conf="0.9999903440475464">
              <Unicode>s</Unicode>
            </TextEquiv>
          </Glyph>
          <TextEquiv index="1" conf="0.9999878883598939">
            <Unicode>es</Unicode>
          </TextEquiv>
        </Word>
        <Word id="w2223">
          <Coords points="675,731 774,731 774,817 675,817"/>
          <Glyph id="w2223g0">
            <Coords points="675,731 683,731 683,817 675,817"/>
            <TextEquiv index="1" conf="0.9999818086624145">
              <Unicode>n</Unicode>
            </TextEquiv>
          </Glyph>
          <Glyph id="w2223g1">
            <Coords points="706,731 713,731 713,817 706,817"/>
            <TextEquiv index="1" conf="0.9999975681304931">
              <Unicode>i</Unicode>
            </TextEquiv>
          </Glyph>
          <Glyph id="w2223g2">
            <Coords points="728,731 736,731 736,817 728,817"/>
            <TextEquiv index="1" conf="0.99999703168869">
              <Unicode>c</Unicode>
            </TextEquiv>
          </Glyph>
          <Glyph id="w2223g3">
            <Coords points="736,731 751,731 751,817 736,817"/>
            <TextEquiv index="1" conf="0.9999977946281432">
              <Unicode>h</Unicode>
            </TextEquiv>
          </Glyph>
          <Glyph id="w2223g4">
            <Coords points="774,731 774,731 774,817 774,817"/>
            <TextEquiv index="1" conf="0.9999649763107299">
              <Unicode>t</Unicode>
            </TextEquiv>
          </Glyph>
          <TextEquiv index="1" conf="0.9999391804814501">
            <Unicode>nicht</Unicode>
          </TextEquiv>
        </Word>
        <Word id="w2224">
          <Coords points="812,731 911,731 911,817 812,817"/>
          <Glyph id="w2224g0">
            <Coords points="812,731 820,731 820,817 812,817"/>
            <TextEquiv index="1" conf="0.9999819874763488">
              <Unicode>ſ</Unicode>
            </TextEquiv>
          </Glyph>
          <Glyph id="w2224g1">
            <Coords points="835,731 843,731 843,817 835,817"/>
            <TextEquiv index="1" conf="0.9999979496002197">
              <Unicode>c</Unicode>
            </TextEquiv>
          </Glyph>
          <Glyph id="w2224g2">
            <Coords points="850,731 858,731 858,817 850,817"/>
            <TextEquiv index="1" conf="0.9999819397926331">
              <Unicode>h</Unicode>
            </TextEquiv>
          </Glyph>
          <Glyph id="w2224g3">
            <Coords points="881,731 888,731 888,817 881,817"/>
            <TextEquiv index="1" conf="0.9999746799468994">
              <Unicode>o</Unicode>
            </TextEquiv>
          </Glyph>
          <Glyph id="w2224g4">
            <Coords points="911,731 911,731 911,817 911,817"/>
            <TextEquiv index="1" conf="0.9999956130981444">
              <Unicode>n</Unicode>
            </TextEquiv>
          </Glyph>
          <TextEquiv index="1" conf="0.9999321715571009">
            <Unicode>ſchon</Unicode>
          </TextEquiv>
        </Word>
        <Word id="w2225">
          <Coords points="964,731 1079,731 1079,817 964,817"/>
          <Glyph id="w2225g0">
            <Coords points="964,731 972,731 972,817 964,817"/>
            <TextEquiv index="1" conf="0.9999970197677612">
              <Unicode>l</Unicode>
            </TextEquiv>
          </Glyph>
          <Glyph id="w2225g1">
            <Coords points="987,731 987,731 987,817 987,817"/>
            <TextEquiv index="1" conf="0.9999643325805664">
              <Unicode>a</Unicode>
            </TextEquiv>
          </Glyph>
          <Glyph id="w2225g2">
            <Coords points="1010,731 1018,731 1018,817 1010,817"/>
            <TextEquiv index="1" conf="0.9999873399734497">
              <Unicode>n</Unicode>
            </TextEquiv>
          </Glyph>
          <Glyph id="w2225g3">
            <Coords points="1048,731 1048,731 1048,817 1048,817"/>
            <TextEquiv index="1" conf="0.9999983787536619">
              <Unicode>g</Unicode>
            </TextEquiv>
          </Glyph>
          <Glyph id="w2225g4">
            <Coords points="1071,731 1079,731 1079,817 1071,817"/>
            <TextEquiv index="1" conf="0.9999980211257935">
              <Unicode>e</Unicode>
            </TextEquiv>
          </Glyph>
          <TextEquiv index="1" conf="0.9999450929847287">
            <Unicode>lange</Unicode>
          </TextEquiv>
        </Word>
        <Word id="w2226">
          <Coords points="1117,731 1330,731 1330,817 1117,817"/>
          <Glyph id="w2226g0">
            <Coords points="1117,731 1124,731 1124,817 1117,817"/>
            <TextEquiv index="1" conf="0.999997127056122">
              <Unicode>w</Unicode>
            </TextEquiv>
          </Glyph>
          <Glyph id="w2226g1">
            <Coords points="1162,731 1170,731 1170,817 1162,817"/>
            <TextEquiv index="1" conf="0.9998415470123291">
              <Unicode>ü</Unicode>
            </TextEquiv>
          </Glyph>
          <Glyph id="w2226g2">
            <Coords points="1201,731 1208,731 1208,817 1201,817"/>
            <TextEquiv index="1" conf="0.9997664093971252">
              <Unicode>ß</Unicode>
            </TextEquiv>
          </Glyph>
          <Glyph id="w2226g3">
            <Coords points="1231,731 1239,731 1239,817 1231,817"/>
            <TextEquiv index="1" conf="0.9999621391296387">
              <Unicode>t</Unicode>
            </TextEquiv>
          </Glyph>
          <Glyph id="w2226g4">
            <Coords points="1254,731 1254,731 1254,817 1254,817"/>
            <TextEquiv index="1" conf="0.999999463558197">
              <Unicode>e</Unicode>
            </TextEquiv>
          </Glyph>
          <Glyph id="w2226g5">
            <Coords points="1277,731 1277,731 1277,817 1277,817"/>
            <TextEquiv index="1" conf="0.9999972820281983">
              <Unicode>n</Unicode>
            </TextEquiv>
          </Glyph>
          <Glyph id="w2226g6">
            <Coords points="1322,731 1330,731 1330,817 1322,817"/>
            <TextEquiv index="1" conf="0.9999933481216431">
              <Unicode>,</Unicode>
            </TextEquiv>
          </Glyph>
          <TextEquiv index="1" conf="0.9995573737028244">
            <Unicode>wüßten,</Unicode>
          </TextEquiv>
        </Word>
        <Word id="w2227">
          <Coords points="1368,731 1429,731 1429,817 1368,817"/>
          <Glyph id="w2227g0">
            <Coords points="1368,731 1376,731 1376,817 1368,817"/>
            <TextEquiv index="1" conf="0.9999991655349731">
              <Unicode>d</Unicode>
            </TextEquiv>
          </Glyph>
          <Glyph id="w2227g1">
            <Coords points="1399,731 1406,731 1406,817 1399,817"/>
            <TextEquiv index="1" conf="0.9999993443489075">
              <Unicode>a</Unicode>
            </TextEquiv>
          </Glyph>
          <Glyph id="w2227g2">
            <Coords points="1429,731 1429,731 1429,817 1429,817"/>
            <TextEquiv index="1" conf="0.9998354315757751">
              <Unicode>ß</Unicode>
            </TextEquiv>
          </Glyph>
          <TextEquiv index="1" conf="0.9998339417054288">
            <Unicode>daß</Unicode>
          </TextEquiv>
        </Word>
        <Word id="w2228">
          <Coords points="1482,731 1528,731 1528,817 1482,817"/>
          <Glyph id="w2228g0">
            <Coords points="1482,731 1482,731 1482,817 1482,817"/>
            <TextEquiv index="1" conf="0.9999997496604919">
              <Unicode>i</Unicode>
            </TextEquiv>
          </Glyph>
          <Glyph id="w2228g1">
            <Coords points="1498,731 1505,731 1505,817 1498,817"/>
            <TextEquiv index="1" conf="0.9999990344047546">
              <Unicode>c</Unicode>
            </TextEquiv>
          </Glyph>
          <Glyph id="w2228g2">
            <Coords points="1513,731 1528,731 1528,817 1513,817"/>
            <TextEquiv index="1" conf="0.9999987363815306">
              <Unicode>h</Unicode>
            </TextEquiv>
          </Glyph>
          <TextEquiv index="1" conf="0.9999975204485552">
            <Unicode>ich</Unicode>
          </TextEquiv>
        </Word>
        <Word id="w2229">
          <Coords points="1574,731 1612,731 1612,817 1574,817"/>
          <Glyph id="w2229g0">
            <Coords points="1574,731 1581,731 1581,817 1574,817"/>
            <TextEquiv index="1" conf="0.9998042225837708">
              <Unicode>ſ</Unicode>
            </TextEquiv>
          </Glyph>
          <Glyph id="w2229g1">
            <Coords points="1589,731 1597,731 1597,817 1589,817"/>
            <TextEquiv index="1" conf="0.999999725818634">
              <Unicode>i</Unicode>
            </TextEquiv>
          </Glyph>
          <Glyph id="w2229g2">
            <Coords points="1612,731 1612,731 1612,817 1612,817"/>
            <TextEquiv index="1" conf="0.9999979972839355">
              <Unicode>e</Unicode>
            </TextEquiv>
          </Glyph>
          <TextEquiv index="1" conf="0.9998019461326544">
            <Unicode>ſie</Unicode>
          </TextEquiv>
        </Word>
        <Word id="w2230">
          <Coords points="1657,731 1817,731 1817,817 1657,817"/>
          <Glyph id="w2230g0">
            <Coords points="1657,731 1657,731 1657,817 1657,817"/>
            <TextEquiv index="1" conf="0.9999867677688599">
              <Unicode>u</Unicode>
            </TextEquiv>
          </Glyph>
          <Glyph id="w2230g1">
            <Coords points="1688,731 1696,731 1696,817 1688,817"/>
            <TextEquiv index="1" conf="0.9999979734420776">
              <Unicode>n</Unicode>
            </TextEquiv>
          </Glyph>
          <Glyph id="w2230g2">
            <Coords points="1726,731 1726,731 1726,817 1726,817"/>
            <TextEquiv index="1" conf="0.999909245967865">
              <Unicode>a</Unicode>
            </TextEquiv>
          </Glyph>
          <Glyph id="w2230g3">
            <Coords points="1749,731 1756,731 1756,817 1749,817"/>
            <TextEquiv index="1" conf="0.9999930262565612">
              <Unicode>u</Unicode>
            </TextEquiv>
          </Glyph>
          <Glyph id="w2230g4">
            <Coords points="1787,731 1794,731 1794,817 1787,817"/>
            <TextEquiv index="1" conf="0.9999822258949278">
              <Unicode>s</Unicode>
            </TextEquiv>
          </Glyph>
          <Glyph id="w2230g5">
            <Coords points="1817,731 1817,731 1817,817 1817,817"/>
            <TextEquiv index="1" conf="0.9997236132621766">
              <Unicode>-</Unicode>
            </TextEquiv>
          </Glyph>
          <TextEquiv index="1" conf="0.9995928928909368">
            <Unicode>unaus-</Unicode>
          </TextEquiv>
        </Word>
        <TextEquiv index="1" conf="0.9999688455399043">
          <Unicode>es nicht ſchon lange wüßten, daß ich ſie unaus-</Unicode>
        </TextEquiv>
      </TextLine>
      <TextLine id="r1_l005">
        <Coords points="587,878 982,878 982,809 587,809 587,878"/>
        <Word id="w2231">
          <Coords points="593,809 805,809 805,878 593,878"/>
          <Glyph id="w2231g0">
            <Coords points="593,809 607,809 607,878 593,878"/>
            <TextEquiv index="1" conf="0.9996380686759949">
              <Unicode>ſ</Unicode>
            </TextEquiv>
          </Glyph>
          <Glyph id="w2231g1">
            <Coords points="622,809 622,809 622,878 622,878"/>
            <TextEquiv index="1" conf="0.9999988794326782">
              <Unicode>p</Unicode>
            </TextEquiv>
          </Glyph>
          <Glyph id="w2231g2">
            <Coords points="651,809 659,809 659,878 651,878"/>
            <TextEquiv index="1" conf="0.9999977469444274">
              <Unicode>r</Unicode>
            </TextEquiv>
          </Glyph>
          <Glyph id="w2231g3">
            <Coords points="681,809 681,809 681,878 681,878"/>
            <TextEquiv index="1" conf="0.9998637974262238">
              <Unicode>e</Unicode>
            </TextEquiv>
          </Glyph>
          <Glyph id="w2231g4">
            <Coords points="703,809 710,809 710,878 703,878"/>
            <TextEquiv index="1" conf="0.9999974727630615">
              <Unicode>c</Unicode>
            </TextEquiv>
          </Glyph>
          <Glyph id="w2231g5">
            <Coords points="717,809 725,809 725,878 717,878"/>
            <TextEquiv index="1" conf="0.9999958038330078">
              <Unicode>h</Unicode>
            </TextEquiv>
          </Glyph>
          <Glyph id="w2231g6">
            <Coords points="747,809 754,809 754,878 747,878"/>
            <TextEquiv index="1" conf="0.9998856127262115">
              <Unicode>l</Unicode>
            </TextEquiv>
          </Glyph>
          <Glyph id="w2231g7">
            <Coords points="769,809 769,809 769,878 769,878"/>
            <TextEquiv index="1" conf="0.9999996066093445">
              <Unicode>i</Unicode>
            </TextEquiv>
          </Glyph>
          <Glyph id="w2231g8">
            <Coords points="783,809 791,809 791,878 783,878"/>
            <TextEquiv index="1" conf="0.9999994039535521">
              <Unicode>c</Unicode>
            </TextEquiv>
          </Glyph>
          <Glyph id="w2231g9">
            <Coords points="798,809 805,809 805,878 798,878"/>
            <TextEquiv index="1" conf="0.9999580800533294">
              <Unicode>h</Unicode>
            </TextEquiv>
          </Glyph>
          <TextEquiv index="1" conf="0.99933461166073">
            <Unicode>ſprechlich</Unicode>
          </TextEquiv>
        </Word>
        <Word id="w2232">
          <Coords points="857,809 989,809 989,878 857,878"/>
          <Glyph id="w2232g0">
            <Coords points="857,809 857,809 857,878 857,878"/>
            <TextEquiv index="1" conf="0.9999908804893493">
              <Unicode>l</Unicode>
            </TextEquiv>
          </Glyph>
          <Glyph id="w2232g1">
            <Coords points="879,809 879,809 879,878 879,878"/>
            <TextEquiv index="1" conf="0.9997521221637726">
              <Unicode>i</Unicode>
            </TextEquiv>
          </Glyph>
          <Glyph id="w2232g2">
            <Coords points="893,809 893,809 893,878 893,878"/>
            <TextEquiv index="1" conf="0.999999749660492">
              <Unicode>e</Unicode>
            </TextEquiv>
          </Glyph>
          <Glyph id="w2232g3">
            <Coords points="915,809 923,809 923,878 915,878"/>
            <TextEquiv index="1" conf="0.999998939037323">
              <Unicode>b</Unicode>
            </TextEquiv>
          </Glyph>
          <Glyph id="w2232g4">
            <Coords points="945,809 952,809 952,878 945,878"/>
            <TextEquiv index="1" conf="0.9999963641166686">
              <Unicode>e</Unicode>
            </TextEquiv>
          </Glyph>
          <Glyph id="w2232g5">
            <Coords points="981,809 989,809 989,878 981,878"/>
            <TextEquiv index="1" conf="0.9964228808879851">
              <Unicode>!</Unicode>
            </TextEquiv>
          </Glyph>
          <TextEquiv index="1" conf="0.9961618768866903">
            <Unicode>liebe!</Unicode>
          </TextEquiv>
        </Word>
        <TextEquiv index="1" conf="0.999731976144454">
          <Unicode>ſprechlich liebe!</Unicode>
        </TextEquiv>
      </TextLine>
      <TextLine id="r1_l006">
        <Coords points="821,970 821,966 822,965 822,947 823,946 833,946 833,947 833,954 834,954 913,954 914,955 915,955 916,956 919,956 920,957 984,957 986,955 986,945 987,944 1005,944 1006,943 1058,943 1058,944 1058,966 1059,966 1062,966 1063,965 1063,944 1064,943 1105,943 1105,944 1105,958 1107,959 1107,958 1108,957 1108,944 1109,943 1110,943 1112,945 1114,945 1114,946 1114,952 1116,953 1117,953 1118,952 1119,952 1121,950 1122,950 1126,946 1126,944 1127,943 1266,943 1266,944 1266,948 1267,949 1267,950 1268,951 1268,952 1269,952 1270,952 1272,954 1274,954 1275,955 1276,954 1279,954 1280,953 1285,953 1288,950 1289,950 1290,949 1290,947 1291,946 1291,945 1292,944 1351,944 1351,945 1351,956 1353,957 1354,956 1429,956 1469,956 1470,957 1471,957 1474,954 1512,954 1512,953 1513,952 1632,952 1633,953 1641,953 1641,954 1641,958 1643,959 1706,959 1707,960 1728,960 1728,961 1728,962 1729,962 1731,962 1731,953 1732,952 1824,952 1826,950 1826,949 1827,948 1827,926 1826,925 1826,924 1824,922 1824,921 1824,920 1823,920 1822,919 1808,919 1807,918 1806,918 1805,917 1758,917 1757,916 1735,916 1734,916 1734,911 1733,910 1733,909 1726,901 1723,901 1722,902 1684,902 1683,903 1682,903 1680,905 1635,905 1634,906 1633,906 1632,907 1632,908 1631,909 1565,909 1564,909 1564,903 1563,902 1563,901 1562,899 1497,899 1495,898 1495,896 1494,894 1481,894 1480,895 1476,895 1475,896 1474,896 1469,901 1469,903 1468,904 1468,908 1467,909 1467,911 1415,911 1414,911 1414,885 1413,884 1413,883 1413,882 1412,882 1411,881 1392,881 1391,882 1391,911 1365,911 1364,910 1312,910 1311,909 1310,909 1309,908 1256,908 1255,908 1255,887 1254,886 1254,885 1254,884 1253,884 1252,883 1251,883 1250,884 1250,898 1203,898 1202,898 1202,895 1202,894 1201,894 1200,893 1199,894 1197,894 1196,895 1127,895 1125,893 1117,893 1116,894 1079,894 1078,895 1078,896 1076,898 1076,909 1010,909 1009,909 1009,906 1009,905 1008,905 1007,904 979,904 978,904 978,903 977,901 924,901 921,898 920,898 919,897 907,897 903,901 903,903 900,903 899,904 899,905 898,906 898,912 849,912 848,912 848,895 848,894 847,894 846,893 845,894 845,896 829,896 828,897 827,897 826,898 727,898 726,897 722,897 721,896 684,896 683,897 681,897 680,898 679,898 678,899 678,900 677,901 677,903 676,904 676,910 675,911 675,913 676,914 676,925 679,927 680,927 680,928 680,944 682,945 792,945 793,946 819,946 819,947 819,970 820,970 821,970"/>
        <Word id="w2233">
          <Coords points="682,881 872,881 872,970 682,970"/>
          <Glyph id="w2233g0">
            <Coords points="682,881 698,881 698,970 682,970"/>
            <TextEquiv index="1" conf="0.9999700546264648">
              <Unicode>W</Unicode>
            </TextEquiv>
          </Glyph>
          <Glyph id="w2233g1">
            <Coords points="769,881 777,881 777,970 769,970"/>
            <TextEquiv index="1" conf="0.9998316943645478">
              <Unicode>i</Unicode>
            </TextEquiv>
          </Glyph>
          <Glyph id="w2233g2">
            <Coords points="801,881 809,881 809,970 801,970"/>
            <TextEquiv index="1" conf="0.9999716639518738">
              <Unicode>l</Unicode>
            </TextEquiv>
          </Glyph>
          <Glyph id="w2233g3">
            <Coords points="832,881 840,881 840,970 832,970"/>
            <TextEquiv index="1" conf="0.9999670863151551">
              <Unicode>h</Unicode>
            </TextEquiv>
          </Glyph>
          <Glyph id="w2233g4">
            <Coords points="864,881 872,881 872,970 864,970"/>
            <TextEquiv index="1" conf="0.9999684691429138">
              <Unicode>.</Unicode>
            </TextEquiv>
          </Glyph>
          <TextEquiv index="1" conf="0.9997089946976115">
            <Unicode>Wilh.</Unicode>
          </TextEquiv>
        </Word>
        <Word id="w2234">
          <Coords points="911,881 1014,881 1014,970 911,970"/>
          <Glyph id="w2234g0">
            <Coords points="911,881 919,881 919,970 911,970"/>
            <TextEquiv index="1" conf="0.9999929070472717">
              <Unicode>J</Unicode>
            </TextEquiv>
          </Glyph>
          <Glyph id="w2234g1">
            <Coords points="959,881 959,881 959,970 959,970"/>
            <TextEquiv index="1" conf="0.99999178647995">
              <Unicode>e</Unicode>
            </TextEquiv>
          </Glyph>
          <Glyph id="w2234g2">
            <Coords points="982,881 982,881 982,970 982,970"/>
            <TextEquiv index="1" conf="0.9999033093452453">
              <Unicode>t</Unicode>
            </TextEquiv>
          </Glyph>
          <Glyph id="w2234g3">
            <Coords points="990,881 998,881 998,970 990,970"/>
            <TextEquiv index="1" conf="0.9990768194198609">
              <Unicode>ʒ</Unicode>
            </TextEquiv>
          </Glyph>
          <Glyph id="w2234g4">
            <Coords points="1006,881 1014,881 1014,970 1006,970"/>
            <TextEquiv index="1" conf="0.9999716520309448">
              <Unicode>t</Unicode>
            </TextEquiv>
          </Glyph>
          <TextEquiv index="1" conf="0.9989366085958823">
            <Unicode>Jetʒt</Unicode>
          </TextEquiv>
        </Word>
        <Word id="w2235">
          <Coords points="1053,881 1156,881 1156,970 1053,970"/>
          <Glyph id="w2235g0">
            <Coords points="1053,881 1061,881 1061,970 1053,970"/>
            <TextEquiv index="1" conf="0.9999858975410462">
              <Unicode>n</Unicode>
            </TextEquiv>
          </Glyph>
          <Glyph id="w2235g1">
            <Coords points="1085,881 1093,881 1093,970 1085,970"/>
            <TextEquiv index="1" conf="0.9999986767768859">
              <Unicode>i</Unicode>
            </TextEquiv>
          </Glyph>
          <Glyph id="w2235g2">
            <Coords points="1109,881 1109,881 1109,970 1109,970"/>
            <TextEquiv index="1" conf="0.9999984264373779">
              <Unicode>c</Unicode>
            </TextEquiv>
          </Glyph>
          <Glyph id="w2235g3">
            <Coords points="1116,881 1124,881 1124,970 1116,970"/>
            <TextEquiv index="1" conf="0.9999986648559569">
              <Unicode>h</Unicode>
            </TextEquiv>
          </Glyph>
          <Glyph id="w2235g4">
            <Coords points="1148,881 1156,881 1156,970 1148,970"/>
            <TextEquiv index="1" conf="0.9999872684478759">
              <Unicode>t</Unicode>
            </TextEquiv>
          </Glyph>
          <TextEquiv index="1" conf="0.9999689343581976">
            <Unicode>nicht</Unicode>
          </TextEquiv>
        </Word>
        <Word id="w2236">
          <Coords points="1195,881 1314,881 1314,970 1195,970"/>
          <Glyph id="w2236g0">
            <Coords points="1195,881 1203,881 1203,970 1195,970"/>
            <TextEquiv index="1" conf="0.9999959826469421">
              <Unicode>l</Unicode>
            </TextEquiv>
          </Glyph>
          <Glyph id="w2236g1">
            <Coords points="1219,881 1227,881 1227,970 1219,970"/>
            <TextEquiv index="1" conf="0.9999526262283325">
              <Unicode>a</Unicode>
            </TextEquiv>
          </Glyph>
          <Glyph id="w2236g2">
            <Coords points="1243,881 1251,881 1251,970 1243,970"/>
            <TextEquiv index="1" conf="0.9973439991474151">
              <Unicode>n</Unicode>
            </TextEquiv>
          </Glyph>
          <Glyph id="w2236g3">
            <Coords points="1282,881 1282,881 1282,970 1282,970"/>
            <TextEquiv index="1" conf="0.9999987483024597">
              <Unicode>g</Unicode>
            </TextEquiv>
          </Glyph>
          <Glyph id="w2236g4">
            <Coords points="1306,881 1314,881 1314,970 1306,970"/>
            <TextEquiv index="1" conf="0.9999977707862855">
              <Unicode>e</Unicode>
            </TextEquiv>
          </Glyph>
          <TextEquiv index="1" conf="0.9972892732226158">
            <Unicode>lange</Unicode>
          </TextEquiv>
        </Word>
        <Word id="w2237">
          <Coords points="1361,881 1645,881 1645,970 1361,970"/>
          <Glyph id="w2237g0">
            <Coords points="1361,881 1369,881 1369,970 1361,970"/>
            <TextEquiv index="1" conf="0.9999989628791809">
              <Unicode>e</Unicode>
            </TextEquiv>
          </Glyph>
          <Glyph id="w2237g1">
            <Coords points="1385,881 1393,881 1393,970 1385,970"/>
            <TextEquiv index="1" conf="0.8957764834165574">
              <Unicode>x</Unicode>
            </TextEquiv>
          </Glyph>
          <Glyph id="w2237g2">
            <Coords points="1409,881 1416,881 1416,970 1409,970"/>
            <TextEquiv index="1" conf="0.9998988330364228">
              <Unicode>p</Unicode>
            </TextEquiv>
          </Glyph>
          <Glyph id="w2237g3">
            <Coords points="1440,881 1448,881 1448,970 1440,970"/>
            <TextEquiv index="1" conf="0.9999977588653565">
              <Unicode>o</Unicode>
            </TextEquiv>
          </Glyph>
          <Glyph id="w2237g4">
            <Coords points="1472,881 1480,881 1480,970 1472,970"/>
            <TextEquiv index="1" conf="0.9995548009872437">
              <Unicode>ſ</Unicode>
            </TextEquiv>
          </Glyph>
          <Glyph id="w2237g5">
            <Coords points="1495,881 1495,881 1495,970 1495,970"/>
            <TextEquiv index="1" conf="0.7346380740404129">
              <Unicode>t</Unicode>
            </TextEquiv>
          </Glyph>
          <Glyph id="w2237g6">
            <Coords points="1511,881 1519,881 1519,970 1511,970"/>
            <TextEquiv index="1" conf="0.9999345123767853">
              <Unicode>u</Unicode>
            </TextEquiv>
          </Glyph>
          <Glyph id="w2237g7">
            <Coords points="1543,881 1551,881 1551,970 1543,970"/>
            <TextEquiv index="1" conf="0.9746666193008424">
              <Unicode>l</Unicode>
            </TextEquiv>
          </Glyph>
          <Glyph id="w2237g8">
            <Coords points="1566,881 1566,881 1566,970 1566,970"/>
            <TextEquiv index="1" conf="0.9999880552291871">
              <Unicode>i</Unicode>
            </TextEquiv>
          </Glyph>
          <Glyph id="w2237g9">
            <Coords points="1582,881 1590,881 1590,970 1582,970"/>
            <TextEquiv index="1" conf="0.9997551023960114">
              <Unicode>r</Unicode>
            </TextEquiv>
          </Glyph>
          <Glyph id="w2237g10">
            <Coords points="1606,881 1606,881 1606,970 1606,970"/>
            <TextEquiv index="1" conf="0.9999186038970946">
              <Unicode>t</Unicode>
            </TextEquiv>
          </Glyph>
          <Glyph id="w2237g11">
            <Coords points="1638,881 1645,881 1645,970 1638,970"/>
            <TextEquiv index="1" conf="0.9996768116950988">
              <Unicode>!</Unicode>
            </TextEquiv>
          </Glyph>
          <TextEquiv index="1" conf="0.6405819487006907">
            <Unicode>expoſtulirt!</Unicode>
          </TextEquiv>
        </Word>
        <Word id="w2238">
          <Coords points="1685,881 1811,881 1811,970 1685,970"/>
          <Glyph id="w2238g0">
            <Coords points="1685,881 1693,881 1693,970 1685,970"/>
            <TextEquiv index="1" conf="0.9999980449676512">
              <Unicode>W</Unicode>
            </TextEquiv>
          </Glyph>
          <Glyph id="w2238g1">
            <Coords points="1756,881 1756,881 1756,970 1756,970"/>
            <TextEquiv index="1" conf="0.9999861001968384">
              <Unicode>e</Unicode>
            </TextEquiv>
          </Glyph>
          <Glyph id="w2238g2">
            <Coords points="1780,881 1780,881 1780,970 1780,970"/>
            <TextEquiv index="1" conf="0.9999911427497863">
              <Unicode>n</Unicode>
            </TextEquiv>
          </Glyph>
          <Glyph id="w2238g3">
            <Coords points="1811,881 1811,881 1811,970 1811,970"/>
            <TextEquiv index="1" conf="0.9999968767166139">
              <Unicode>n</Unicode>
            </TextEquiv>
          </Glyph>
          <TextEquiv index="1" conf="0.9999721648756768">
            <Unicode>Wenn</Unicode>
          </TextEquiv>
        </Word>
        <TextEquiv index="1" conf="0.9902328767427582">
          <Unicode>Wilh. Jetʒt nicht lange expoſtulirt! Wenn</Unicode>
        </TextEquiv>
      </TextLine>
      <TextLine id="r1_l007">
        <Coords points="1337,1046 1337,1045 1338,1044 1558,1044 1559,1043 1560,1043 1563,1040 1646,1040 1646,1039 1648,1037 1680,1037 1680,1036 1682,1034 1824,1034 1826,1032 1827,1032 1831,1028 1831,1003 1830,1002 1830,1001 1829,999 1827,999 1826,998 1825,998 1824,998 1824,995 1823,994 1823,993 1823,992 1741,992 1740,992 1740,984 1739,983 1739,982 1737,979 1529,979 1527,977 1526,977 1525,976 1520,976 1519,975 1358,975 1357,974 1229,974 1228,973 1062,973 1061,973 1061,967 1061,966 1059,966 1058,967 1058,974 586,974 585,975 584,975 582,977 582,992 581,992 579,994 579,1000 580,1001 580,1018 581,1019 581,1021 582,1021 583,1021 585,1023 586,1023 587,1024 588,1024 589,1025 613,1025 613,1026 613,1030 614,1030 683,1030 683,1031 683,1032 684,1032 831,1032 831,1033 831,1036 832,1036 1334,1036 1334,1037 1334,1045 545,1045 544,1046 545,1046 1337,1046"/>
        <Word id="w2239">
          <Coords points="584,966 648,966 648,1046 584,1046"/>
          <Glyph id="w2239g0">
            <Coords points="584,966 592,966 592,1046 584,1046"/>
            <TextEquiv index="1" conf="0.9999985098838807">
              <Unicode>i</Unicode>
            </TextEquiv>
          </Glyph>
          <Glyph id="w2239g1">
            <Coords points="613,966 620,966 620,1046 613,1046"/>
            <TextEquiv index="1" conf="0.9999963760375976">
              <Unicode>h</Unicode>
            </TextEquiv>
          </Glyph>
          <Glyph id="w2239g2">
            <Coords points="641,966 648,966 648,1046 641,1046"/>
            <TextEquiv index="1" conf="0.9999940514564513">
              <Unicode>r</Unicode>
            </TextEquiv>
          </Glyph>
          <TextEquiv index="1" conf="0.9999889374137511">
            <Unicode>ihr</Unicode>
          </TextEquiv>
        </Word>
        <Word id="w2240">
          <Coords points="677,966 841,966 841,1046 677,1046"/>
          <Glyph id="w2240g0">
            <Coords points="677,966 684,966 684,1046 677,1046"/>
            <TextEquiv index="1" conf="0.9999794960021973">
              <Unicode>h</Unicode>
            </TextEquiv>
          </Glyph>
          <Glyph id="w2240g1">
            <Coords points="713,966 713,966 713,1046 713,1046"/>
            <TextEquiv index="1" conf="0.9999967694282531">
              <Unicode>e</Unicode>
            </TextEquiv>
          </Glyph>
          <Glyph id="w2240g2">
            <Coords points="734,966 741,966 741,1046 734,1046"/>
            <TextEquiv index="1" conf="0.9999975681304931">
              <Unicode>r</Unicode>
            </TextEquiv>
          </Glyph>
          <Glyph id="w2240g3">
            <Coords points="755,966 762,966 762,1046 755,1046"/>
            <TextEquiv index="1" conf="0.9999117136001586">
              <Unicode>n</Unicode>
            </TextEquiv>
          </Glyph>
          <Glyph id="w2240g4">
            <Coords points="791,966 798,966 798,1046 791,1046"/>
            <TextEquiv index="1" conf="0.999992048740387">
              <Unicode>a</Unicode>
            </TextEquiv>
          </Glyph>
          <Glyph id="w2240g5">
            <Coords points="819,966 826,966 826,1046 819,1046"/>
            <TextEquiv index="1" conf="0.9999992489814757">
              <Unicode>c</Unicode>
            </TextEquiv>
          </Glyph>
          <Glyph id="w2240g6">
            <Coords points="834,966 841,966 841,1046 834,1046"/>
            <TextEquiv index="1" conf="0.9999988555908202">
              <Unicode>h</Unicode>
            </TextEquiv>
          </Glyph>
          <TextEquiv index="1" conf="0.9998757040507598">
            <Unicode>hernach</Unicode>
          </TextEquiv>
        </Word>
        <Word id="w2241">
          <Coords points="890,966 962,966 962,1046 890,1046"/>
          <Glyph id="w2241g0">
            <Coords points="890,966 898,966 898,1046 890,1046"/>
            <TextEquiv index="1" conf="0.9999941945075989">
              <Unicode>m</Unicode>
            </TextEquiv>
          </Glyph>
          <Glyph id="w2241g1">
            <Coords points="940,966 940,966 940,1046 940,1046"/>
            <TextEquiv index="1" conf="0.9999961853027344">
              <Unicode>i</Unicode>
            </TextEquiv>
          </Glyph>
          <Glyph id="w2241g2">
            <Coords points="955,966 962,966 962,1046 955,1046"/>
            <TextEquiv index="1" conf="0.9999948620796203">
              <Unicode>t</Unicode>
            </TextEquiv>
          </Glyph>
          <TextEquiv index="1" conf="0.9999852419615274">
            <Unicode>mit</Unicode>
          </TextEquiv>
        </Word>
        <Word id="w2242">
          <Coords points="997,966 1189,966 1189,1046 997,1046"/>
          <Glyph id="w2242g0">
            <Coords points="997,966 1004,966 1004,1046 997,1046"/>
            <TextEquiv index="1" conf="0.9999983429908752">
              <Unicode>e</Unicode>
            </TextEquiv>
          </Glyph>
          <Glyph id="w2242g1">
            <Coords points="1019,966 1026,966 1026,1046 1019,1046"/>
            <TextEquiv index="1" conf="0.9999969959259033">
              <Unicode>i</Unicode>
            </TextEquiv>
          </Glyph>
          <Glyph id="w2242g2">
            <Coords points="1040,966 1040,966 1040,1046 1040,1046"/>
            <TextEquiv index="1" conf="0.9999981045722961">
              <Unicode>n</Unicode>
            </TextEquiv>
          </Glyph>
          <Glyph id="w2242g3">
            <Coords points="1068,966 1076,966 1076,1046 1068,1046"/>
            <TextEquiv index="1" conf="0.9999397039413452">
              <Unicode>a</Unicode>
            </TextEquiv>
          </Glyph>
          <Glyph id="w2242g4">
            <Coords points="1097,966 1104,966 1104,1046 1097,1046"/>
            <TextEquiv index="1" conf="0.9999971985816954">
              <Unicode>n</Unicode>
            </TextEquiv>
          </Glyph>
          <Glyph id="w2242g5">
            <Coords points="1132,966 1140,966 1140,1046 1132,1046"/>
            <TextEquiv index="1" conf="0.9999998450279235">
              <Unicode>d</Unicode>
            </TextEquiv>
          </Glyph>
          <Glyph id="w2242g6">
            <Coords points="1161,966 1161,966 1161,1046 1161,1046"/>
            <TextEquiv index="1" conf="0.9999998211860657">
              <Unicode>e</Unicode>
            </TextEquiv>
          </Glyph>
          <Glyph id="w2242g7">
            <Coords points="1182,966 1189,966 1189,1046 1182,1046"/>
            <TextEquiv index="1" conf="0.9999979257583618">
              <Unicode>r</Unicode>
            </TextEquiv>
          </Glyph>
          <TextEquiv index="1" conf="0.9999279387493378">
            <Unicode>einander</Unicode>
          </TextEquiv>
        </Word>
        <Word id="w2243">
          <Coords points="1232,966 1253,966 1253,1046 1232,1046"/>
          <Glyph id="w2243g0">
            <Coords points="1232,966 1232,966 1232,1046 1232,1046"/>
            <TextEquiv index="1" conf="0.9999989748001098">
              <Unicode>i</Unicode>
            </TextEquiv>
          </Glyph>
          <Glyph id="w2243g1">
            <Coords points="1246,966 1253,966 1253,1046 1246,1046"/>
            <TextEquiv index="1" conf="0.9999271094799042">
              <Unicode>m</Unicode>
            </TextEquiv>
          </Glyph>
          <TextEquiv index="1" conf="0.9999260843547413">
            <Unicode>im</Unicode>
          </TextEquiv>
        </Word>
        <Word id="w2244">
          <Coords points="1318,966 1467,966 1467,1046 1318,1046"/>
          <Glyph id="w2244g0">
            <Coords points="1318,966 1325,966 1325,1046 1318,1046"/>
            <TextEquiv index="1" conf="0.9999383330345154">
              <Unicode>W</Unicode>
            </TextEquiv>
          </Glyph>
          <Glyph id="w2244g1">
            <Coords points="1389,966 1389,966 1389,1046 1389,1046"/>
            <TextEquiv index="1" conf="0.9999833226203918">
              <Unicode>a</Unicode>
            </TextEquiv>
          </Glyph>
          <Glyph id="w2244g2">
            <Coords points="1417,966 1417,966 1417,1046 1417,1046"/>
            <TextEquiv index="1" conf="0.9999976277351379">
              <Unicode>g</Unicode>
            </TextEquiv>
          </Glyph>
          <Glyph id="w2244g3">
            <Coords points="1446,966 1446,966 1446,1046 1446,1046"/>
            <TextEquiv index="1" conf="0.9999959468841552">
              <Unicode>e</Unicode>
            </TextEquiv>
          </Glyph>
          <Glyph id="w2244g4">
            <Coords points="1467,966 1467,966 1467,1046 1467,1046"/>
            <TextEquiv index="1" conf="0.9999980926513673">
              <Unicode>n</Unicode>
            </TextEquiv>
          </Glyph>
          <TextEquiv index="1" conf="0.9999133246286934">
            <Unicode>Wagen</Unicode>
          </TextEquiv>
        </Word>
        <Word id="w2245">
          <Coords points="1510,966 1609,966 1609,1046 1510,1046"/>
          <Glyph id="w2245g0">
            <Coords points="1510,966 1517,966 1517,1046 1510,1046"/>
            <TextEquiv index="1" conf="0.9994761288166045">
              <Unicode>ſ</Unicode>
            </TextEquiv>
          </Glyph>
          <Glyph id="w2245g1">
            <Coords points="1531,966 1538,966 1538,1046 1531,1046"/>
            <TextEquiv index="1" conf="0.9999878525733948">
              <Unicode>i</Unicode>
            </TextEquiv>
          </Glyph>
          <Glyph id="w2245g2">
            <Coords points="1552,966 1552,966 1552,1046 1552,1046"/>
            <TextEquiv index="1" conf="0.9997988283634186">
              <Unicode>t</Unicode>
            </TextEquiv>
          </Glyph>
          <Glyph id="w2245g3">
            <Coords points="1559,966 1567,966 1567,1046 1559,1046"/>
            <TextEquiv index="1" conf="0.9999296367168425">
              <Unicode>ʒ</Unicode>
            </TextEquiv>
          </Glyph>
          <Glyph id="w2245g4">
            <Coords points="1581,966 1588,966 1588,1046 1581,1046"/>
            <TextEquiv index="1" conf="0.9999039232730865">
              <Unicode>t</Unicode>
            </TextEquiv>
          </Glyph>
          <Glyph id="w2245g5">
            <Coords points="1602,966 1609,966 1609,1046 1602,1046"/>
            <TextEquiv index="1" conf="0.9992123246192932">
              <Unicode>,</Unicode>
            </TextEquiv>
          </Glyph>
          <TextEquiv index="1" conf="0.9983096495664309">
            <Unicode>ſitʒt,</Unicode>
          </TextEquiv>
        </Word>
        <Word id="w2246">
          <Coords points="1645,966 1673,966 1673,1046 1645,1046"/>
          <Glyph id="w2246g0">
            <Coords points="1645,966 1652,966 1652,1046 1645,1046"/>
            <TextEquiv index="1" conf="0.9999727010726928">
              <Unicode>ſ</Unicode>
            </TextEquiv>
          </Glyph>
          <Glyph id="w2246g1">
            <Coords points="1666,966 1673,966 1673,1046 1666,1046"/>
            <TextEquiv index="1" conf="0.9999994158744812">
              <Unicode>o</Unicode>
            </TextEquiv>
          </Glyph>
          <TextEquiv index="1" conf="0.9999721169631199">
            <Unicode>ſo</Unicode>
          </TextEquiv>
        </Word>
        <Word id="w2247">
          <Coords points="1702,966 1823,966 1823,1046 1702,1046"/>
          <Glyph id="w2247g0">
            <Coords points="1702,966 1709,966 1709,1046 1702,1046"/>
            <TextEquiv index="1" conf="0.9999181151390075">
              <Unicode>k</Unicode>
            </TextEquiv>
          </Glyph>
          <Glyph id="w2247g1">
            <Coords points="1723,966 1730,966 1730,1046 1723,1046"/>
            <TextEquiv index="1" conf="0.9999841451644897">
              <Unicode>ö</Unicode>
            </TextEquiv>
          </Glyph>
          <Glyph id="w2247g2">
            <Coords points="1759,966 1759,966 1759,1046 1759,1046"/>
            <TextEquiv index="1" conf="0.9999946951866149">
              <Unicode>n</Unicode>
            </TextEquiv>
          </Glyph>
          <Glyph id="w2247g3">
            <Coords points="1787,966 1794,966 1794,1046 1787,1046"/>
            <TextEquiv index="1" conf="0.9999989748001098">
              <Unicode>n</Unicode>
            </TextEquiv>
          </Glyph>
          <Glyph id="w2247g4">
            <Coords points="1823,966 1823,966 1823,1046 1823,1046"/>
            <TextEquiv index="1" conf="0.9999918699264526">
              <Unicode>t</Unicode>
            </TextEquiv>
          </Glyph>
          <TextEquiv index="1" conf="0.9998878029851477">
            <Unicode>könnt</Unicode>
          </TextEquiv>
        </Word>
        <TextEquiv index="1" conf="0.9998978405582662">
          <Unicode>ihr hernach mit einander im Wagen ſitʒt, ſo könnt</Unicode>
        </TextEquiv>
      </TextLine>
      <TextLine id="r1_l008">
        <Coords points="545,1120 1837,1120 1837,1047 545,1047 545,1120"/>
        <Word id="w2248">
          <Coords points="583,1047 645,1047 645,1120 583,1120"/>
          <Glyph id="w2248g0">
            <Coords points="583,1047 590,1047 590,1120 583,1120"/>
            <TextEquiv index="1" conf="0.9999951124191284">
              <Unicode>i</Unicode>
            </TextEquiv>
          </Glyph>
          <Glyph id="w2248g1">
            <Coords points="604,1047 617,1047 617,1120 604,1120"/>
            <TextEquiv index="1" conf="0.9999978184700012">
              <Unicode>h</Unicode>
            </TextEquiv>
          </Glyph>
          <Glyph id="w2248g2">
            <Coords points="638,1047 645,1047 645,1120 638,1120"/>
            <TextEquiv index="1" conf="0.9999565720558167">
              <Unicode>r</Unicode>
            </TextEquiv>
          </Glyph>
          <TextEquiv index="1" conf="0.9999495032626052">
            <Unicode>ihr</Unicode>
          </TextEquiv>
        </Word>
        <Word id="w2249">
          <Coords points="700,1047 891,1047 891,1120 700,1120"/>
          <Glyph id="w2249g0">
            <Coords points="700,1047 700,1047 700,1120 700,1120"/>
            <TextEquiv index="1" conf="0.9999999165534973">
              <Unicode>e</Unicode>
            </TextEquiv>
          </Glyph>
          <Glyph id="w2249g1">
            <Coords points="720,1047 727,1047 727,1120 720,1120"/>
            <TextEquiv index="1" conf="0.999999189376831">
              <Unicode>i</Unicode>
            </TextEquiv>
          </Glyph>
          <Glyph id="w2249g2">
            <Coords points="741,1047 747,1047 747,1120 741,1120"/>
            <TextEquiv index="1" conf="0.9999992728233337">
              <Unicode>n</Unicode>
            </TextEquiv>
          </Glyph>
          <Glyph id="w2249g3">
            <Coords points="775,1047 775,1047 775,1120 775,1120"/>
            <TextEquiv index="1" conf="0.9998019218444826">
              <Unicode>a</Unicode>
            </TextEquiv>
          </Glyph>
          <Glyph id="w2249g4">
            <Coords points="802,1047 809,1047 809,1120 802,1120"/>
            <TextEquiv index="1" conf="0.9999858975410462">
              <Unicode>n</Unicode>
            </TextEquiv>
          </Glyph>
          <Glyph id="w2249g5">
            <Coords points="836,1047 836,1047 836,1120 836,1120"/>
            <TextEquiv index="1" conf="0.9999990820884703">
              <Unicode>d</Unicode>
            </TextEquiv>
          </Glyph>
          <Glyph id="w2249g6">
            <Coords points="864,1047 864,1047 864,1120 864,1120"/>
            <TextEquiv index="1" conf="0.9999965429306031">
              <Unicode>e</Unicode>
            </TextEquiv>
          </Glyph>
          <Glyph id="w2249g7">
            <Coords points="884,1047 891,1047 891,1120 884,1120"/>
            <TextEquiv index="1" conf="0.9999869585037232">
              <Unicode>r</Unicode>
            </TextEquiv>
          </Glyph>
          <TextEquiv index="1" conf="0.9997687885839239">
            <Unicode>einander</Unicode>
          </TextEquiv>
        </Word>
        <Word id="w2250">
          <Coords points="946,1047 1014,1047 1014,1120 946,1120"/>
          <Glyph id="w2250g0">
            <Coords points="946,1047 953,1047 953,1120 946,1120"/>
            <TextEquiv index="1" conf="0.9999976158142091">
              <Unicode>v</Unicode>
            </TextEquiv>
          </Glyph>
          <Glyph id="w2250g1">
            <Coords points="980,1047 987,1047 987,1120 980,1120"/>
            <TextEquiv index="1" conf="0.9999995470046997">
              <Unicode>o</Unicode>
            </TextEquiv>
          </Glyph>
          <Glyph id="w2250g2">
            <Coords points="1007,1047 1014,1047 1014,1120 1007,1120"/>
            <TextEquiv index="1" conf="0.999998414516449">
              <Unicode>n</Unicode>
            </TextEquiv>
          </Glyph>
          <TextEquiv index="1" conf="0.9999955773409361">
            <Unicode>von</Unicode>
          </TextEquiv>
        </Word>
        <Word id="w2251">
          <Coords points="1069,1047 1178,1047 1178,1120 1069,1120"/>
          <Glyph id="w2251g0">
            <Coords points="1069,1047 1076,1047 1076,1120 1069,1120"/>
            <TextEquiv index="1" conf="0.9999887585639955">
              <Unicode>e</Unicode>
            </TextEquiv>
          </Glyph>
          <Glyph id="w2251g1">
            <Coords points="1096,1047 1096,1047 1096,1120 1096,1120"/>
            <TextEquiv index="1" conf="0.880714040994644">
              <Unicode>u</Unicode>
            </TextEquiv>
          </Glyph>
          <Glyph id="w2251g2">
            <Coords points="1124,1047 1131,1047 1131,1120 1124,1120"/>
            <TextEquiv index="1" conf="0.9996063947677613">
              <Unicode>r</Unicode>
            </TextEquiv>
          </Glyph>
          <Glyph id="w2251g3">
            <Coords points="1151,1047 1158,1047 1158,1120 1151,1120"/>
            <TextEquiv index="1" conf="0.9999780535697936">
              <Unicode>e</Unicode>
            </TextEquiv>
          </Glyph>
          <Glyph id="w2251g4">
            <Coords points="1172,1047 1178,1047 1178,1120 1172,1120"/>
            <TextEquiv index="1" conf="0.9998914241790772">
              <Unicode>r</Unicode>
            </TextEquiv>
          </Glyph>
          <TextEquiv index="1" conf="0.8802425866026279">
            <Unicode>eurer</Unicode>
          </TextEquiv>
        </Word>
        <Word id="w2252">
          <Coords points="1240,1047 1650,1047 1650,1120 1240,1120"/>
          <Glyph id="w2252g0">
            <Coords points="1240,1047 1247,1047 1247,1120 1240,1120"/>
            <TextEquiv index="1" conf="0.9999672949314117">
              <Unicode>u</Unicode>
            </TextEquiv>
          </Glyph>
          <Glyph id="w2252g1">
            <Coords points="1274,1047 1281,1047 1281,1120 1274,1120"/>
            <TextEquiv index="1" conf="0.9999992966651916">
              <Unicode>n</Unicode>
            </TextEquiv>
          </Glyph>
          <Glyph id="w2252g2">
            <Coords points="1308,1047 1308,1047 1308,1120 1308,1120"/>
            <TextEquiv index="1" conf="0.9999566197395325">
              <Unicode>a</Unicode>
            </TextEquiv>
          </Glyph>
          <Glyph id="w2252g3">
            <Coords points="1336,1047 1343,1047 1343,1120 1336,1120"/>
            <TextEquiv index="1" conf="0.9999934792518616">
              <Unicode>u</Unicode>
            </TextEquiv>
          </Glyph>
          <Glyph id="w2252g4">
            <Coords points="1370,1047 1377,1047 1377,1120 1370,1120"/>
            <TextEquiv index="1" conf="0.9999408364295959">
              <Unicode>s</Unicode>
            </TextEquiv>
          </Glyph>
          <Glyph id="w2252g5">
            <Coords points="1397,1047 1404,1047 1404,1120 1397,1120"/>
            <TextEquiv index="1" conf="0.9998398542404175">
              <Unicode>ſ</Unicode>
            </TextEquiv>
          </Glyph>
          <Glyph id="w2252g6">
            <Coords points="1418,1047 1425,1047 1425,1120 1418,1120"/>
            <TextEquiv index="1" conf="0.9999990344047547">
              <Unicode>p</Unicode>
            </TextEquiv>
          </Glyph>
          <Glyph id="w2252g7">
            <Coords points="1452,1047 1452,1047 1452,1120 1452,1120"/>
            <TextEquiv index="1" conf="0.9999996662139893">
              <Unicode>r</Unicode>
            </TextEquiv>
          </Glyph>
          <Glyph id="w2252g8">
            <Coords points="1473,1047 1479,1047 1479,1120 1473,1120"/>
            <TextEquiv index="1" conf="0.9990950167179108">
              <Unicode>e</Unicode>
            </TextEquiv>
          </Glyph>
          <Glyph id="w2252g9">
            <Coords points="1500,1047 1507,1047 1507,1120 1500,1120"/>
            <TextEquiv index="1" conf="0.999998664855957">
              <Unicode>c</Unicode>
            </TextEquiv>
          </Glyph>
          <Glyph id="w2252g10">
            <Coords points="1507,1047 1520,1047 1520,1120 1507,1120"/>
            <TextEquiv index="1" conf="0.9999975681304931">
              <Unicode>h</Unicode>
            </TextEquiv>
          </Glyph>
          <Glyph id="w2252g11">
            <Coords points="1541,1047 1548,1047 1548,1120 1541,1120"/>
            <TextEquiv index="1" conf="0.9999969244003295">
              <Unicode>l</Unicode>
            </TextEquiv>
          </Glyph>
          <Glyph id="w2252g12">
            <Coords points="1562,1047 1568,1047 1568,1120 1562,1120"/>
            <TextEquiv index="1" conf="0.9999992847442626">
              <Unicode>i</Unicode>
            </TextEquiv>
          </Glyph>
          <Glyph id="w2252g13">
            <Coords points="1582,1047 1582,1047 1582,1120 1582,1120"/>
            <TextEquiv index="1" conf="0.9999979257583619">
              <Unicode>c</Unicode>
            </TextEquiv>
          </Glyph>
          <Glyph id="w2252g14">
            <Coords points="1589,1047 1603,1047 1603,1120 1589,1120"/>
            <TextEquiv index="1" conf="0.999989366531372">
              <Unicode>h</Unicode>
            </TextEquiv>
          </Glyph>
          <Glyph id="w2252g15">
            <Coords points="1623,1047 1630,1047 1630,1120 1623,1120"/>
            <TextEquiv index="1" conf="0.9996777296066284">
              <Unicode>e</Unicode>
            </TextEquiv>
          </Glyph>
          <Glyph id="w2252g16">
            <Coords points="1650,1047 1650,1047 1650,1120 1650,1120"/>
            <TextEquiv index="1" conf="0.9999595403671265">
              <Unicode>n</Unicode>
            </TextEquiv>
          </Glyph>
          <TextEquiv index="1" conf="0.9984088915029922">
            <Unicode>unausſprechlichen</Unicode>
          </TextEquiv>
        </Word>
        <Word id="w2253">
          <Coords points="1719,1047 1822,1047 1822,1120 1719,1120"/>
          <Glyph id="w2253g0">
            <Coords points="1719,1047 1726,1047 1726,1120 1719,1120"/>
            <TextEquiv index="1" conf="0.9999969840049743">
              <Unicode>L</Unicode>
            </TextEquiv>
          </Glyph>
          <Glyph id="w2253g1">
            <Coords points="1746,1047 1753,1047 1753,1120 1746,1120"/>
            <TextEquiv index="1" conf="0.9999854922294618">
              <Unicode>i</Unicode>
            </TextEquiv>
          </Glyph>
          <Glyph id="w2253g2">
            <Coords points="1767,1047 1767,1047 1767,1120 1767,1120"/>
            <TextEquiv index="1" conf="0.9999996066093444">
              <Unicode>e</Unicode>
            </TextEquiv>
          </Glyph>
          <Glyph id="w2253g3">
            <Coords points="1787,1047 1787,1047 1787,1120 1787,1120"/>
            <TextEquiv index="1" conf="0.9999875783920288">
              <Unicode>b</Unicode>
            </TextEquiv>
          </Glyph>
          <Glyph id="w2253g4">
            <Coords points="1815,1047 1822,1047 1822,1120 1815,1120"/>
            <TextEquiv index="1" conf="0.9999939918518066">
              <Unicode>e</Unicode>
            </TextEquiv>
          </Glyph>
          <TextEquiv index="1" conf="0.9999636535431023">
            <Unicode>Liebe</Unicode>
          </TextEquiv>
        </Word>
        <TextEquiv index="1" conf="0.9973519589589991">
          <Unicode>ihr einander von eurer unausſprechlichen Liebe</Unicode>
        </TextEquiv>
      </TextLine>
      <TextLine id="r1_l009">
        <Coords points="576,1199 1830,1199 1830,1132 576,1132 576,1199"/>
        <Word id="w2254">
          <Coords points="587,1132 928,1132 928,1199 587,1199"/>
          <Glyph id="w2254g0">
            <Coords points="587,1132 594,1132 594,1199 587,1199"/>
            <TextEquiv index="1" conf="0.9999952673912048">
              <Unicode>v</Unicode>
            </TextEquiv>
          </Glyph>
          <Glyph id="w2254g1">
            <Coords points="621,1132 628,1132 628,1199 621,1199"/>
            <TextEquiv index="1" conf="0.9999938845634461">
              <Unicode>o</Unicode>
            </TextEquiv>
          </Glyph>
          <Glyph id="w2254g2">
            <Coords points="648,1132 655,1132 655,1199 648,1199"/>
            <TextEquiv index="1" conf="0.9999983072280885">
              <Unicode>r</Unicode>
            </TextEquiv>
          </Glyph>
          <Glyph id="w2254g3">
            <Coords points="682,1132 682,1132 682,1199 682,1199"/>
            <TextEquiv index="1" conf="0.999004489183426">
              <Unicode>ſ</Unicode>
            </TextEquiv>
          </Glyph>
          <Glyph id="w2254g4">
            <Coords points="696,1132 703,1132 703,1199 696,1199"/>
            <TextEquiv index="1" conf="0.9999989867210388">
              <Unicode>c</Unicode>
            </TextEquiv>
          </Glyph>
          <Glyph id="w2254g5">
            <Coords points="710,1132 716,1132 716,1199 710,1199"/>
            <TextEquiv index="1" conf="0.9999998211860657">
              <Unicode>h</Unicode>
            </TextEquiv>
          </Glyph>
          <Glyph id="w2254g6">
            <Coords points="744,1132 750,1132 750,1199 744,1199"/>
            <TextEquiv index="1" conf="0.9999696552753448">
              <Unicode>w</Unicode>
            </TextEquiv>
          </Glyph>
          <Glyph id="w2254g7">
            <Coords points="791,1132 791,1132 791,1199 791,1199"/>
            <TextEquiv index="1" conf="0.9999594151973725">
              <Unicode>a</Unicode>
            </TextEquiv>
          </Glyph>
          <Glyph id="w2254g8">
            <Coords points="819,1132 826,1132 826,1199 819,1199"/>
            <TextEquiv index="1" conf="0.9997216403484344">
              <Unicode>t</Unicode>
            </TextEquiv>
          </Glyph>
          <Glyph id="w2254g9">
            <Coords points="826,1132 839,1132 839,1199 826,1199"/>
            <TextEquiv index="1" conf="0.9991119086742402">
              <Unicode>ʒ</Unicode>
            </TextEquiv>
          </Glyph>
          <Glyph id="w2254g10">
            <Coords points="853,1132 853,1132 853,1199 853,1199"/>
            <TextEquiv index="1" conf="0.999822908639908">
              <Unicode>e</Unicode>
            </TextEquiv>
          </Glyph>
          <Glyph id="w2254g11">
            <Coords points="873,1132 880,1132 880,1199 873,1199"/>
            <TextEquiv index="1" conf="0.9999776840209961">
              <Unicode>n</Unicode>
            </TextEquiv>
          </Glyph>
          <Glyph id="w2254g12">
            <Coords points="921,1132 928,1132 928,1199 921,1199"/>
            <TextEquiv index="1" conf="0.9999519228935242">
              <Unicode>,</Unicode>
            </TextEquiv>
          </Glyph>
          <TextEquiv index="1" conf="0.9975080537997323">
            <Unicode>vorſchwatʒen,</Unicode>
          </TextEquiv>
        </Word>
        <Word id="w2255">
          <Coords points="976,1132 996,1132 996,1199 976,1199"/>
          <Glyph id="w2255g0">
            <Coords points="976,1132 982,1132 982,1199 976,1199"/>
            <TextEquiv index="1" conf="0.9999823808670045">
              <Unicode>ſ</Unicode>
            </TextEquiv>
          </Glyph>
          <Glyph id="w2255g1">
            <Coords points="989,1132 996,1132 996,1199 989,1199"/>
            <TextEquiv index="1" conf="0.9999993920326232">
              <Unicode>o</Unicode>
            </TextEquiv>
          </Glyph>
          <TextEquiv index="1" conf="0.9999817729103396">
            <Unicode>ſo</Unicode>
          </TextEquiv>
        </Word>
        <Word id="w2256">
          <Coords points="1044,1132 1126,1132 1126,1199 1044,1199"/>
          <Glyph id="w2256g0">
            <Coords points="1044,1132 1051,1132 1051,1199 1044,1199"/>
            <TextEquiv index="1" conf="0.9999977231025695">
              <Unicode>v</Unicode>
            </TextEquiv>
          </Glyph>
          <Glyph id="w2256g1">
            <Coords points="1078,1132 1085,1132 1085,1199 1078,1199"/>
            <TextEquiv index="1" conf="0.9999999046325683">
              <Unicode>i</Unicode>
            </TextEquiv>
          </Glyph>
          <Glyph id="w2256g2">
            <Coords points="1098,1132 1098,1132 1098,1199 1098,1199"/>
            <TextEquiv index="1" conf="0.9999985218048095">
              <Unicode>e</Unicode>
            </TextEquiv>
          </Glyph>
          <Glyph id="w2256g3">
            <Coords points="1119,1132 1126,1132 1126,1199 1119,1199"/>
            <TextEquiv index="1" conf="0.9999990105628968">
              <Unicode>l</Unicode>
            </TextEquiv>
          </Glyph>
          <TextEquiv index="1" conf="0.9999951601103776">
            <Unicode>viel</Unicode>
          </TextEquiv>
        </Word>
        <Word id="w2257">
          <Coords points="1160,1132 1214,1132 1214,1199 1160,1199"/>
          <Glyph id="w2257g0">
            <Coords points="1160,1132 1167,1132 1167,1199 1160,1199"/>
            <TextEquiv index="1" conf="0.9999997854232788">
              <Unicode>i</Unicode>
            </TextEquiv>
          </Glyph>
          <Glyph id="w2257g1">
            <Coords points="1180,1132 1187,1132 1187,1199 1180,1199"/>
            <TextEquiv index="1" conf="0.9999990105628966">
              <Unicode>h</Unicode>
            </TextEquiv>
          </Glyph>
          <Glyph id="w2257g2">
            <Coords points="1214,1132 1214,1132 1214,1199 1214,1199"/>
            <TextEquiv index="1" conf="0.9999999403953552">
              <Unicode>r</Unicode>
            </TextEquiv>
          </Glyph>
          <TextEquiv index="1" conf="0.9999987363818147">
            <Unicode>ihr</Unicode>
          </TextEquiv>
        </Word>
        <Word id="w2258">
          <Coords points="1262,1132 1412,1132 1412,1199 1262,1199"/>
          <Glyph id="w2258g0">
            <Coords points="1262,1132 1269,1132 1269,1199 1262,1199"/>
            <TextEquiv index="1" conf="0.999998712539673">
              <Unicode>w</Unicode>
            </TextEquiv>
          </Glyph>
          <Glyph id="w2258g1">
            <Coords points="1310,1132 1317,1132 1317,1199 1310,1199"/>
            <TextEquiv index="1" conf="0.9999970316886901">
              <Unicode>o</Unicode>
            </TextEquiv>
          </Glyph>
          <Glyph id="w2258g2">
            <Coords points="1337,1132 1344,1132 1344,1199 1337,1199"/>
            <TextEquiv index="1" conf="0.9999983191490172">
              <Unicode>l</Unicode>
            </TextEquiv>
          </Glyph>
          <Glyph id="w2258g3">
            <Coords points="1358,1132 1358,1132 1358,1199 1358,1199"/>
            <TextEquiv index="1" conf="0.9999921798706055">
              <Unicode>l</Unicode>
            </TextEquiv>
          </Glyph>
          <Glyph id="w2258g4">
            <Coords points="1371,1132 1378,1132 1378,1199 1371,1199"/>
            <TextEquiv index="1" conf="0.9999946475028991">
              <Unicode>t</Unicode>
            </TextEquiv>
          </Glyph>
          <Glyph id="w2258g5">
            <Coords points="1405,1132 1412,1132 1412,1199 1405,1199"/>
            <TextEquiv index="1" conf="0.9999431908130645">
              <Unicode>,</Unicode>
            </TextEquiv>
          </Glyph>
          <TextEquiv index="1" conf="0.9999240827805554">
            <Unicode>wollt,</Unicode>
          </TextEquiv>
        </Word>
        <Word id="w2259">
          <Coords points="1453,1132 1542,1132 1542,1199 1453,1199"/>
          <Glyph id="w2259g0">
            <Coords points="1453,1132 1460,1132 1460,1199 1453,1199"/>
            <TextEquiv index="1" conf="0.9999993324279786">
              <Unicode>a</Unicode>
            </TextEquiv>
          </Glyph>
          <Glyph id="w2259g1">
            <Coords points="1480,1132 1487,1132 1487,1199 1480,1199"/>
            <TextEquiv index="1" conf="0.9999995827674866">
              <Unicode>b</Unicode>
            </TextEquiv>
          </Glyph>
          <Glyph id="w2259g2">
            <Coords points="1514,1132 1514,1132 1514,1199 1514,1199"/>
            <TextEquiv index="1" conf="0.9999997377395631">
              <Unicode>e</Unicode>
            </TextEquiv>
          </Glyph>
          <Glyph id="w2259g3">
            <Coords points="1535,1132 1542,1132 1542,1199 1535,1199"/>
            <TextEquiv index="1" conf="0.9999999284744263">
              <Unicode>r</Unicode>
            </TextEquiv>
          </Glyph>
          <TextEquiv index="1" conf="0.999998581410114">
            <Unicode>aber</Unicode>
          </TextEquiv>
        </Word>
        <Word id="w2260">
          <Coords points="1583,1132 1658,1132 1658,1199 1583,1199"/>
          <Glyph id="w2260g0">
            <Coords points="1583,1132 1583,1132 1583,1199 1583,1199"/>
            <TextEquiv index="1" conf="0.9999791145324706">
              <Unicode>j</Unicode>
            </TextEquiv>
          </Glyph>
          <Glyph id="w2260g1">
            <Coords points="1603,1132 1603,1132 1603,1199 1603,1199"/>
            <TextEquiv index="1" conf="0.9999994754791259">
              <Unicode>e</Unicode>
            </TextEquiv>
          </Glyph>
          <Glyph id="w2260g2">
            <Coords points="1624,1132 1630,1132 1630,1199 1624,1199"/>
            <TextEquiv index="1" conf="0.9999916315078736">
              <Unicode>t</Unicode>
            </TextEquiv>
          </Glyph>
          <Glyph id="w2260g3">
            <Coords points="1637,1132 1644,1132 1644,1199 1637,1199"/>
            <TextEquiv index="1" conf="0.9999403953552245">
              <Unicode>ʒ</Unicode>
            </TextEquiv>
          </Glyph>
          <Glyph id="w2260g4">
            <Coords points="1658,1132 1658,1132 1658,1199 1658,1199"/>
            <TextEquiv index="1" conf="0.9999971628189086">
              <Unicode>t</Unicode>
            </TextEquiv>
          </Glyph>
          <TextEquiv index="1" conf="0.9999077819122424">
            <Unicode>jetʒt</Unicode>
          </TextEquiv>
        </Word>
        <Word id="w2261">
          <Coords points="1699,1132 1740,1132 1740,1199 1699,1199"/>
          <Glyph id="w2261g0">
            <Coords points="1699,1132 1705,1132 1705,1199 1699,1199"/>
            <TextEquiv index="1" conf="0.9999997258186339">
              <Unicode>i</Unicode>
            </TextEquiv>
          </Glyph>
          <Glyph id="w2261g1">
            <Coords points="1719,1132 1726,1132 1726,1199 1719,1199"/>
            <TextEquiv index="1" conf="0.9999767780303954">
              <Unicode>ſ</Unicode>
            </TextEquiv>
          </Glyph>
          <Glyph id="w2261g2">
            <Coords points="1740,1132 1740,1132 1740,1199 1740,1199"/>
            <TextEquiv index="1" conf="0.9999998569488525">
              <Unicode>t</Unicode>
            </TextEquiv>
          </Glyph>
          <TextEquiv index="1" conf="0.9999763608076101">
            <Unicode>iſt</Unicode>
          </TextEquiv>
        </Word>
        <Word id="w2262">
          <Coords points="1767,1132 1821,1132 1821,1199 1767,1199"/>
          <Glyph id="w2262g0">
            <Coords points="1767,1132 1774,1132 1774,1199 1767,1199"/>
            <TextEquiv index="1" conf="0.9999998927116392">
              <Unicode>d</Unicode>
            </TextEquiv>
          </Glyph>
          <Glyph id="w2262g1">
            <Coords points="1794,1132 1801,1132 1801,1199 1794,1199"/>
            <TextEquiv index="1" conf="0.9999995946884155">
              <Unicode>i</Unicode>
            </TextEquiv>
          </Glyph>
          <Glyph id="w2262g2">
            <Coords points="1815,1132 1821,1132 1821,1199 1815,1199"/>
            <TextEquiv index="1" conf="0.9999996304512024">
              <Unicode>e</Unicode>
            </TextEquiv>
          </Glyph>
          <TextEquiv index="1" conf="0.9999991178514901">
            <Unicode>die</Unicode>
          </TextEquiv>
        </Word>
        <TextEquiv index="1" conf="0.9999454729697282">
          <Unicode>vorſchwatʒen, ſo viel ihr wollt, aber jetʒt iſt die</Unicode>
        </TextEquiv>
      </TextLine>
      <TextLine id="r1_l010">
        <Coords points="1628,1286 1628,1284 1629,1283 1629,1281 1631,1279 1631,1278 1633,1276 1707,1276 1708,1275 1711,1275 1712,1274 1713,1274 1714,1273 1715,1273 1716,1272 1717,1272 1717,1271 1718,1270 1718,1269 1719,1268 1759,1268 1760,1267 1798,1267 1799,1266 1800,1266 1804,1262 1815,1262 1816,1261 1818,1261 1819,1260 1821,1260 1822,1259 1824,1259 1825,1258 1826,1258 1827,1257 1827,1248 1828,1247 1828,1245 1829,1244 1829,1243 1828,1242 1828,1241 1826,1238 1802,1238 1799,1235 1798,1235 1797,1234 1784,1234 1783,1233 1759,1233 1757,1231 1747,1231 1746,1231 1746,1229 1745,1228 1745,1227 1744,1226 1744,1225 1744,1224 1743,1224 1741,1222 1738,1222 1737,1223 1735,1223 1733,1225 1733,1229 1658,1229 1657,1229 1657,1227 1656,1226 1656,1225 1656,1224 1618,1224 1617,1224 1617,1216 1615,1213 1578,1213 1577,1212 1576,1212 1575,1211 1573,1211 1571,1209 1567,1209 1566,1210 1547,1210 1546,1211 1544,1211 1538,1217 1538,1218 1537,1219 1537,1224 1451,1224 1450,1224 1450,1213 1448,1210 1446,1210 1443,1213 1443,1214 1412,1214 1411,1215 1410,1215 1407,1218 1338,1218 1337,1218 1337,1211 1337,1210 1336,1210 1335,1209 1313,1209 1312,1208 1311,1208 1310,1207 1302,1207 1300,1209 1230,1209 1229,1210 1226,1210 1225,1211 1109,1211 1108,1210 1103,1210 1102,1211 1102,1212 1100,1214 1100,1215 1099,1216 1099,1217 1098,1217 1094,1221 1093,1221 1090,1224 1090,1226 1005,1226 1001,1223 1001,1222 1001,1221 1000,1221 997,1218 996,1218 994,1216 993,1216 991,1214 989,1214 988,1213 987,1213 986,1212 983,1212 982,1211 975,1211 974,1210 967,1210 966,1211 965,1211 964,1212 964,1219 955,1219 953,1221 953,1254 886,1254 885,1253 875,1253 874,1253 874,1233 873,1232 873,1230 871,1227 870,1227 869,1226 811,1226 810,1226 810,1213 810,1212 789,1212 788,1211 783,1211 780,1208 779,1208 778,1207 770,1207 767,1210 767,1211 766,1212 766,1213 645,1213 643,1211 640,1211 639,1212 588,1212 587,1213 586,1213 585,1214 583,1214 582,1215 581,1215 580,1216 578,1216 577,1217 577,1218 574,1221 574,1243 573,1244 573,1260 572,1261 572,1262 571,1263 571,1267 572,1268 572,1269 574,1270 575,1270 576,1271 577,1271 578,1270 581,1270 583,1268 597,1268 598,1267 599,1267 600,1266 602,1266 604,1264 604,1263 605,1262 663,1262 664,1261 762,1261 762,1262 762,1268 764,1269 767,1269 767,1263 768,1262 878,1262 878,1263 878,1264 881,1266 882,1266 883,1267 884,1266 885,1266 886,1265 886,1264 888,1262 981,1262 982,1263 992,1263 993,1262 994,1262 995,1261 1025,1261 1026,1260 1099,1260 1099,1261 1099,1283 1100,1283 1101,1283 1101,1261 1102,1260 1107,1260 1108,1261 1112,1261 1113,1260 1271,1260 1271,1261 1271,1266 1273,1267 1274,1267 1275,1266 1276,1266 1276,1265 1278,1263 1286,1263 1287,1262 1287,1260 1288,1259 1403,1259 1403,1260 1403,1267 1405,1268 1406,1268 1407,1267 1407,1265 1408,1264 1408,1260 1409,1259 1548,1259 1549,1260 1568,1260 1569,1261 1587,1261 1588,1262 1589,1262 1590,1263 1624,1263 1624,1264 1624,1285 1626,1286 1628,1286"/>
        <Word id="w2263">
          <Coords points="586,1207 671,1207 671,1286 586,1286"/>
          <Glyph id="w2263g0">
            <Coords points="586,1207 593,1207 593,1286 586,1286"/>
            <TextEquiv index="1" conf="0.9999709486961365">
              <Unicode>Ʒ</Unicode>
            </TextEquiv>
          </Glyph>
          <Glyph id="w2263g1">
            <Coords points="624,1207 632,1207 632,1286 624,1286"/>
            <TextEquiv index="1" conf="0.9999979496002196">
              <Unicode>e</Unicode>
            </TextEquiv>
          </Glyph>
          <Glyph id="w2263g2">
            <Coords points="648,1207 656,1207 656,1286 648,1286"/>
            <TextEquiv index="1" conf="0.9999994158744812">
              <Unicode>i</Unicode>
            </TextEquiv>
          </Glyph>
          <Glyph id="w2263g3">
            <Coords points="663,1207 671,1207 671,1286 663,1286"/>
            <TextEquiv index="1" conf="0.9999953031539917">
              <Unicode>t</Unicode>
            </TextEquiv>
          </Glyph>
          <TextEquiv index="1" conf="0.999963617551386">
            <Unicode>Ʒeit</Unicode>
          </TextEquiv>
        </Word>
        <Word id="w2264">
          <Coords points="718,1207 896,1207 896,1286 718,1286"/>
          <Glyph id="w2264g0">
            <Coords points="718,1207 718,1207 718,1286 718,1286"/>
            <TextEquiv index="1" conf="0.9944478213787078">
              <Unicode>k</Unicode>
            </TextEquiv>
          </Glyph>
          <Glyph id="w2264g1">
            <Coords points="741,1207 741,1207 741,1286 741,1286"/>
            <TextEquiv index="1" conf="0.9999697029590606">
              <Unicode>o</Unicode>
            </TextEquiv>
          </Glyph>
          <Glyph id="w2264g2">
            <Coords points="772,1207 780,1207 780,1286 772,1286"/>
            <TextEquiv index="1" conf="0.9998995363712311">
              <Unicode>ſ</Unicode>
            </TextEquiv>
          </Glyph>
          <Glyph id="w2264g3">
            <Coords points="788,1207 795,1207 795,1286 788,1286"/>
            <TextEquiv index="1" conf="0.999552321434021">
              <Unicode>t</Unicode>
            </TextEquiv>
          </Glyph>
          <Glyph id="w2264g4">
            <Coords points="811,1207 811,1207 811,1286 811,1286"/>
            <TextEquiv index="1" conf="0.9998009026050567">
              <Unicode>b</Unicode>
            </TextEquiv>
          </Glyph>
          <Glyph id="w2264g5">
            <Coords points="834,1207 842,1207 842,1286 834,1286"/>
            <TextEquiv index="1" conf="0.9999807238578796">
              <Unicode>a</Unicode>
            </TextEquiv>
          </Glyph>
          <Glyph id="w2264g6">
            <Coords points="865,1207 873,1207 873,1286 865,1286"/>
            <TextEquiv index="1" conf="0.9999981760978699">
              <Unicode>r</Unicode>
            </TextEquiv>
          </Glyph>
          <Glyph id="w2264g7">
            <Coords points="889,1207 896,1207 896,1286 889,1286"/>
            <TextEquiv index="1" conf="0.9999868869781493">
              <Unicode>.</Unicode>
            </TextEquiv>
          </Glyph>
          <TextEquiv index="1" conf="0.993640781172718">
            <Unicode>koſtbar.</Unicode>
          </TextEquiv>
        </Word>
        <Word id="w2265">
          <Coords points="966,1207 1052,1207 1052,1286 966,1286"/>
          <Glyph id="w2265g0">
            <Coords points="966,1207 974,1207 974,1286 966,1286"/>
            <TextEquiv index="1" conf="0.9999991416931153">
              <Unicode>D</Unicode>
            </TextEquiv>
          </Glyph>
          <Glyph id="w2265g1">
            <Coords points="1029,1207 1029,1207 1029,1286 1029,1286"/>
            <TextEquiv index="1" conf="0.9999983549118041">
              <Unicode>e</Unicode>
            </TextEquiv>
          </Glyph>
          <Glyph id="w2265g2">
            <Coords points="1052,1207 1052,1207 1052,1286 1052,1286"/>
            <TextEquiv index="1" conf="0.999997317790985">
              <Unicode>r</Unicode>
            </TextEquiv>
          </Glyph>
          <TextEquiv index="1" conf="0.999994814404031">
            <Unicode>Der</Unicode>
          </TextEquiv>
        </Word>
        <Word id="w2266">
          <Coords points="1099,1207 1231,1207 1231,1286 1099,1286"/>
          <Glyph id="w2266g0">
            <Coords points="1099,1207 1106,1207 1106,1286 1099,1286"/>
            <TextEquiv index="1" conf="0.9997334897518158">
              <Unicode>O</Unicode>
            </TextEquiv>
          </Glyph>
          <Glyph id="w2266g1">
            <Coords points="1153,1207 1153,1207 1153,1286 1153,1286"/>
            <TextEquiv index="1" conf="0.9999971985816956">
              <Unicode>n</Unicode>
            </TextEquiv>
          </Glyph>
          <Glyph id="w2266g2">
            <Coords points="1184,1207 1184,1207 1184,1286 1184,1286"/>
            <TextEquiv index="1" conf="0.9999766826629638">
              <Unicode>k</Unicode>
            </TextEquiv>
          </Glyph>
          <Glyph id="w2266g3">
            <Coords points="1207,1207 1207,1207 1207,1286 1207,1286"/>
            <TextEquiv index="1" conf="0.9999931454658507">
              <Unicode>e</Unicode>
            </TextEquiv>
          </Glyph>
          <Glyph id="w2266g4">
            <Coords points="1223,1207 1231,1207 1231,1286 1223,1286"/>
            <TextEquiv index="1" conf="0.9999985218048094">
              <Unicode>l</Unicode>
            </TextEquiv>
          </Glyph>
          <TextEquiv index="1" conf="0.9996990477418245">
            <Unicode>Onkel</Unicode>
          </TextEquiv>
        </Word>
        <Word id="w2267">
          <Coords points="1269,1207 1355,1207 1355,1286 1269,1286"/>
          <Glyph id="w2267g0">
            <Coords points="1269,1207 1277,1207 1277,1286 1269,1286"/>
            <TextEquiv index="1" conf="0.9999965190887451">
              <Unicode>h</Unicode>
            </TextEquiv>
          </Glyph>
          <Glyph id="w2267g1">
            <Coords points="1301,1207 1308,1207 1308,1286 1301,1286"/>
            <TextEquiv index="1" conf="0.9999855279922486">
              <Unicode>ä</Unicode>
            </TextEquiv>
          </Glyph>
          <Glyph id="w2267g2">
            <Coords points="1332,1207 1339,1207 1339,1286 1332,1286"/>
            <TextEquiv index="1" conf="0.9999603271484376">
              <Unicode>l</Unicode>
            </TextEquiv>
          </Glyph>
          <Glyph id="w2267g3">
            <Coords points="1355,1207 1355,1207 1355,1286 1355,1286"/>
            <TextEquiv index="1" conf="0.999998676776886">
              <Unicode>t</Unicode>
            </TextEquiv>
          </Glyph>
          <TextEquiv index="1" conf="0.9999410518451854">
            <Unicode>hält</Unicode>
          </TextEquiv>
        </Word>
        <Word id="w2268">
          <Coords points="1409,1207 1510,1207 1510,1286 1409,1286"/>
          <Glyph id="w2268g0">
            <Coords points="1409,1207 1417,1207 1417,1286 1409,1286"/>
            <TextEquiv index="1" conf="0.9995221614837646">
              <Unicode>ſ</Unicode>
            </TextEquiv>
          </Glyph>
          <Glyph id="w2268g1">
            <Coords points="1433,1207 1433,1207 1433,1286 1433,1286"/>
            <TextEquiv index="1" conf="0.9999996066093445">
              <Unicode>e</Unicode>
            </TextEquiv>
          </Glyph>
          <Glyph id="w2268g2">
            <Coords points="1448,1207 1456,1207 1456,1286 1448,1286"/>
            <TextEquiv index="1" conf="0.999999499320984">
              <Unicode>i</Unicode>
            </TextEquiv>
          </Glyph>
          <Glyph id="w2268g3">
            <Coords points="1472,1207 1472,1207 1472,1286 1472,1286"/>
            <TextEquiv index="1" conf="0.9999998927116394">
              <Unicode>n</Unicode>
            </TextEquiv>
          </Glyph>
          <Glyph id="w2268g4">
            <Coords points="1503,1207 1510,1207 1510,1286 1503,1286"/>
            <TextEquiv index="1" conf="0.9999989628791808">
              <Unicode>e</Unicode>
            </TextEquiv>
          </Glyph>
          <TextEquiv index="1" conf="0.9995201239803077">
            <Unicode>ſeine</Unicode>
          </TextEquiv>
        </Word>
        <Word id="w2269">
          <Coords points="1549,1207 1829,1207 1829,1286 1549,1286"/>
          <Glyph id="w2269g0">
            <Coords points="1549,1207 1557,1207 1557,1286 1549,1286"/>
            <TextEquiv index="1" conf="0.9999947190284729">
              <Unicode>M</Unicode>
            </TextEquiv>
          </Glyph>
          <Glyph id="w2269g1">
            <Coords points="1619,1207 1627,1207 1627,1286 1619,1286"/>
            <TextEquiv index="1" conf="0.9999825596809389">
              <Unicode>i</Unicode>
            </TextEquiv>
          </Glyph>
          <Glyph id="w2269g2">
            <Coords points="1635,1207 1643,1207 1643,1286 1635,1286"/>
            <TextEquiv index="1" conf="0.9999439060688019">
              <Unicode>t</Unicode>
            </TextEquiv>
          </Glyph>
          <Glyph id="w2269g3">
            <Coords points="1658,1207 1666,1207 1666,1286 1658,1286"/>
            <TextEquiv index="1" conf="0.9999887585639954">
              <Unicode>t</Unicode>
            </TextEquiv>
          </Glyph>
          <Glyph id="w2269g4">
            <Coords points="1681,1207 1681,1207 1681,1286 1681,1286"/>
            <TextEquiv index="1" conf="0.9999817967414856">
              <Unicode>a</Unicode>
            </TextEquiv>
          </Glyph>
          <Glyph id="w2269g5">
            <Coords points="1712,1207 1712,1207 1712,1286 1712,1286"/>
            <TextEquiv index="1" conf="0.9999912261962889">
              <Unicode>g</Unicode>
            </TextEquiv>
          </Glyph>
          <Glyph id="w2269g6">
            <Coords points="1736,1207 1744,1207 1744,1286 1736,1286"/>
            <TextEquiv index="1" conf="0.9999507009983064">
              <Unicode>s</Unicode>
            </TextEquiv>
          </Glyph>
          <Glyph id="w2269g7">
            <Coords points="1759,1207 1767,1207 1767,1286 1759,1286"/>
            <TextEquiv index="1" conf="0.9999205708503723">
              <Unicode>r</Unicode>
            </TextEquiv>
          </Glyph>
          <Glyph id="w2269g8">
            <Coords points="1790,1207 1790,1207 1790,1286 1790,1286"/>
            <TextEquiv index="1" conf="0.9999297738075257">
              <Unicode>u</Unicode>
            </TextEquiv>
          </Glyph>
          <Glyph id="w2269g9">
            <Coords points="1821,1207 1829,1207 1829,1286 1821,1286"/>
            <TextEquiv index="1" conf="0.9998607456684112">
              <Unicode>-</Unicode>
            </TextEquiv>
          </Glyph>
          <TextEquiv index="1" conf="0.9995448426807684">
            <Unicode>Mittagsru-</Unicode>
          </TextEquiv>
        </Word>
        <TextEquiv index="1" conf="0.9998263205422293">
          <Unicode>Ʒeit koſtbar. Der Onkel hält ſeine Mittagsru-</Unicode>
        </TextEquiv>
      </TextLine>
      <TextLine id="r1_l011">
        <Coords points="1805,1355 1806,1354 1812,1354 1813,1353 1816,1353 1820,1349 1820,1348 1822,1346 1822,1345 1824,1343 1824,1326 1825,1325 1825,1319 1824,1318 1824,1299 1823,1297 1813,1297 1812,1296 1808,1296 1807,1297 1806,1297 1804,1299 1744,1299 1743,1300 1742,1300 1739,1303 1739,1304 1738,1305 1738,1308 1627,1308 1626,1308 1626,1287 1625,1285 1624,1286 1624,1287 1514,1287 1512,1285 1506,1285 1505,1286 1504,1286 1503,1287 1502,1287 1501,1288 1463,1288 1462,1289 1415,1289 1412,1292 1408,1292 1406,1294 1406,1302 1284,1302 1283,1302 1283,1292 1282,1290 1264,1290 1263,1289 1254,1289 1253,1290 1251,1290 1249,1292 1248,1292 1246,1294 1246,1295 1245,1296 1245,1306 1109,1306 1108,1306 1108,1293 1108,1292 1107,1292 1106,1291 1105,1291 1104,1292 1102,1292 1101,1293 1065,1293 1064,1294 1062,1294 1060,1296 963,1296 962,1295 961,1295 960,1294 959,1294 958,1294 958,1292 957,1290 953,1290 952,1289 946,1289 945,1290 943,1290 942,1291 941,1291 940,1292 868,1292 866,1294 866,1296 865,1297 865,1306 778,1306 777,1305 775,1305 773,1304 773,1303 772,1302 772,1297 772,1296 769,1296 765,1300 765,1303 764,1304 764,1306 702,1306 700,1308 624,1308 622,1306 621,1306 620,1305 591,1305 590,1305 590,1296 587,1292 584,1292 583,1293 582,1293 581,1294 579,1294 578,1295 575,1295 572,1298 572,1334 577,1338 578,1338 580,1340 587,1340 587,1341 587,1348 589,1349 644,1349 646,1351 665,1351 665,1352 665,1353 666,1354 666,1355 667,1355 668,1355 668,1341 669,1340 736,1340 737,1341 843,1341 844,1342 845,1342 846,1343 849,1343 850,1342 935,1342 935,1343 935,1350 936,1350 937,1350 941,1354 942,1354 943,1353 943,1344 944,1343 960,1343 961,1342 1061,1342 1062,1341 1138,1341 1139,1340 1180,1340 1181,1339 1196,1339 1197,1338 1239,1338 1310,1338 1311,1339 1323,1339 1323,1340 1323,1345 1325,1347 1325,1348 1327,1349 1328,1349 1329,1350 1336,1350 1337,1349 1339,1349 1340,1348 1341,1348 1342,1347 1343,1347 1344,1346 1344,1345 1345,1344 1345,1342 1346,1341 1346,1340 1347,1339 1445,1339 1446,1338 1549,1338 1549,1339 1549,1347 1550,1348 1550,1349 1552,1350 1598,1350 1598,1351 1598,1353 1600,1354 1606,1354 1607,1353 1608,1353 1609,1352 1610,1352 1612,1350 1613,1350 1613,1349 1614,1348 1614,1346 1615,1345 1689,1345 1689,1346 1689,1352 1690,1352 1693,1352 1693,1351 1694,1350 1694,1349 1696,1347 1696,1346 1697,1345 1799,1345 1799,1346 1799,1353 1800,1354 1800,1355 1801,1355 1805,1355"/>
        <Word id="w2270">
          <Coords points="585,1285 660,1285 660,1355 585,1355"/>
          <Glyph id="w2270g0">
            <Coords points="585,1285 585,1285 585,1355 585,1355"/>
            <TextEquiv index="1" conf="0.9999292016029357">
              <Unicode>h</Unicode>
            </TextEquiv>
          </Glyph>
          <Glyph id="w2270g1">
            <Coords points="615,1285 623,1285 623,1355 615,1355"/>
            <TextEquiv index="1" conf="0.9999567866325378">
              <Unicode>e</Unicode>
            </TextEquiv>
          </Glyph>
          <Glyph id="w2270g2">
            <Coords points="653,1285 660,1285 660,1355 653,1355"/>
            <TextEquiv index="1" conf="0.9989592373371122">
              <Unicode>,</Unicode>
            </TextEquiv>
          </Glyph>
          <TextEquiv index="1" conf="0.9988453472880264">
            <Unicode>he,</Unicode>
          </TextEquiv>
        </Word>
        <Word id="w2271">
          <Coords points="705,1285 779,1285 779,1355 705,1355"/>
          <Glyph id="w2271g0">
            <Coords points="705,1285 712,1285 712,1355 705,1355"/>
            <TextEquiv index="1" conf="0.9999996185302733">
              <Unicode>u</Unicode>
            </TextEquiv>
          </Glyph>
          <Glyph id="w2271g1">
            <Coords points="742,1285 750,1285 750,1355 742,1355"/>
            <TextEquiv index="1" conf="0.999999988079071">
              <Unicode>n</Unicode>
            </TextEquiv>
          </Glyph>
          <Glyph id="w2271g2">
            <Coords points="779,1285 779,1285 779,1355 779,1355"/>
            <TextEquiv index="1" conf="0.9999996066093444">
              <Unicode>d</Unicode>
            </TextEquiv>
          </Glyph>
          <TextEquiv index="1" conf="0.999999213218848">
            <Unicode>und</Unicode>
          </TextEquiv>
        </Word>
        <Word id="w2272">
          <Coords points="824,1285 899,1285 899,1355 824,1355"/>
          <Glyph id="w2272g0">
            <Coords points="824,1285 832,1285 832,1355 824,1355"/>
            <TextEquiv index="1" conf="0.999985718727112">
              <Unicode>w</Unicode>
            </TextEquiv>
          </Glyph>
          <Glyph id="w2272g1">
            <Coords points="877,1285 877,1285 877,1355 877,1355"/>
            <TextEquiv index="1" conf="0.9999990344047547">
              <Unicode>i</Unicode>
            </TextEquiv>
          </Glyph>
          <Glyph id="w2272g2">
            <Coords points="891,1285 899,1285 899,1355 891,1355"/>
            <TextEquiv index="1" conf="0.9999950885772706">
              <Unicode>r</Unicode>
            </TextEquiv>
          </Glyph>
          <TextEquiv index="1" conf="0.999979841797811">
            <Unicode>wir</Unicode>
          </TextEquiv>
        </Word>
        <Word id="w2273">
          <Coords points="944,1285 1018,1285 1018,1355 944,1355"/>
          <Glyph id="w2273g0">
            <Coords points="944,1285 951,1285 951,1355 944,1355"/>
            <TextEquiv index="1" conf="0.9999097466468811">
              <Unicode>ſ</Unicode>
            </TextEquiv>
          </Glyph>
          <Glyph id="w2273g1">
            <Coords points="966,1285 966,1285 966,1355 966,1355"/>
            <TextEquiv index="1" conf="0.9999999165534973">
              <Unicode>i</Unicode>
            </TextEquiv>
          </Glyph>
          <Glyph id="w2273g2">
            <Coords points="981,1285 981,1285 981,1355 981,1355"/>
            <TextEquiv index="1" conf="0.9999996900558471">
              <Unicode>n</Unicode>
            </TextEquiv>
          </Glyph>
          <Glyph id="w2273g3">
            <Coords points="1011,1285 1018,1285 1018,1355 1011,1355"/>
            <TextEquiv index="1" conf="0.9999997496604919">
              <Unicode>d</Unicode>
            </TextEquiv>
          </Glyph>
          <TextEquiv index="1" conf="0.9999091029749405">
            <Unicode>ſind</Unicode>
          </TextEquiv>
        </Word>
        <Word id="w2274">
          <Coords points="1063,1285 1190,1285 1190,1355 1063,1355"/>
          <Glyph id="w2274g0">
            <Coords points="1063,1285 1063,1285 1063,1355 1063,1355"/>
            <TextEquiv index="1" conf="0.9998290121555328">
              <Unicode>k</Unicode>
            </TextEquiv>
          </Glyph>
          <Glyph id="w2274g1">
            <Coords points="1086,1285 1093,1285 1093,1355 1086,1355"/>
            <TextEquiv index="1" conf="0.9999998092651367">
              <Unicode>e</Unicode>
            </TextEquiv>
          </Glyph>
          <Glyph id="w2274g2">
            <Coords points="1108,1285 1115,1285 1115,1355 1108,1355"/>
            <TextEquiv index="1" conf="0.9999988794326782">
              <Unicode>i</Unicode>
            </TextEquiv>
          </Glyph>
          <Glyph id="w2274g3">
            <Coords points="1130,1285 1130,1285 1130,1355 1130,1355"/>
            <TextEquiv index="1" conf="0.999999952316284">
              <Unicode>n</Unicode>
            </TextEquiv>
          </Glyph>
          <Glyph id="w2274g4">
            <Coords points="1160,1285 1160,1285 1160,1355 1160,1355"/>
            <TextEquiv index="1" conf="0.9999997138977049">
              <Unicode>e</Unicode>
            </TextEquiv>
          </Glyph>
          <Glyph id="w2274g5">
            <Coords points="1183,1285 1190,1285 1190,1355 1183,1355"/>
            <TextEquiv index="1" conf="0.9999619722366332">
              <Unicode>n</Unicode>
            </TextEquiv>
          </Glyph>
          <TextEquiv index="1" conf="0.9997893461507584">
            <Unicode>keinen</Unicode>
          </TextEquiv>
        </Word>
        <Word id="w2275">
          <Coords points="1250,1285 1504,1285 1504,1355 1250,1355"/>
          <Glyph id="w2275g0">
            <Coords points="1250,1285 1257,1285 1257,1355 1250,1355"/>
            <TextEquiv index="1" conf="0.9999982953071594">
              <Unicode>A</Unicode>
            </TextEquiv>
          </Glyph>
          <Glyph id="w2275g1">
            <Coords points="1302,1285 1302,1285 1302,1355 1302,1355"/>
            <TextEquiv index="1" conf="0.999996292591095">
              <Unicode>u</Unicode>
            </TextEquiv>
          </Glyph>
          <Glyph id="w2275g2">
            <Coords points="1332,1285 1332,1285 1332,1355 1332,1355"/>
            <TextEquiv index="1" conf="0.9999992251396178">
              <Unicode>g</Unicode>
            </TextEquiv>
          </Glyph>
          <Glyph id="w2275g3">
            <Coords points="1362,1285 1362,1285 1362,1355 1362,1355"/>
            <TextEquiv index="1" conf="0.9999990940093993">
              <Unicode>e</Unicode>
            </TextEquiv>
          </Glyph>
          <Glyph id="w2275g4">
            <Coords points="1384,1285 1384,1285 1384,1355 1384,1355"/>
            <TextEquiv index="1" conf="0.9999985218048096">
              <Unicode>n</Unicode>
            </TextEquiv>
          </Glyph>
          <Glyph id="w2275g5">
            <Coords points="1414,1285 1422,1285 1422,1355 1414,1355"/>
            <TextEquiv index="1" conf="0.9999900460243224">
              <Unicode>b</Unicode>
            </TextEquiv>
          </Glyph>
          <Glyph id="w2275g6">
            <Coords points="1444,1285 1451,1285 1451,1355 1444,1355"/>
            <TextEquiv index="1" conf="0.9999964356422424">
              <Unicode>l</Unicode>
            </TextEquiv>
          </Glyph>
          <Glyph id="w2275g7">
            <Coords points="1466,1285 1466,1285 1466,1355 1466,1355"/>
            <TextEquiv index="1" conf="0.9999994277954102">
              <Unicode>i</Unicode>
            </TextEquiv>
          </Glyph>
          <Glyph id="w2275g8">
            <Coords points="1481,1285 1489,1285 1489,1355 1481,1355"/>
            <TextEquiv index="1" conf="0.9999968647956848">
              <Unicode>c</Unicode>
            </TextEquiv>
          </Glyph>
          <Glyph id="w2275g9">
            <Coords points="1496,1285 1504,1285 1504,1355 1496,1355"/>
            <TextEquiv index="1" conf="0.9999980807304383">
              <Unicode>k</Unicode>
            </TextEquiv>
          </Glyph>
          <TextEquiv index="1" conf="0.9999722841513281">
            <Unicode>Augenblick</Unicode>
          </TextEquiv>
        </Word>
        <Word id="w2276">
          <Coords points="1548,1285 1698,1285 1698,1355 1548,1355"/>
          <Glyph id="w2276g0">
            <Coords points="1548,1285 1556,1285 1556,1355 1548,1355"/>
            <TextEquiv index="1" conf="0.9998781859874725">
              <Unicode>ſ</Unicode>
            </TextEquiv>
          </Glyph>
          <Glyph id="w2276g1">
            <Coords points="1571,1285 1578,1285 1578,1355 1571,1355"/>
            <TextEquiv index="1" conf="0.9999985575675965">
              <Unicode>i</Unicode>
            </TextEquiv>
          </Glyph>
          <Glyph id="w2276g2">
            <Coords points="1586,1285 1593,1285 1593,1355 1586,1355"/>
            <TextEquiv index="1" conf="0.9999955892562866">
              <Unicode>c</Unicode>
            </TextEquiv>
          </Glyph>
          <Glyph id="w2276g3">
            <Coords points="1601,1285 1608,1285 1608,1355 1601,1355"/>
            <TextEquiv index="1" conf="0.9999980688095093">
              <Unicode>h</Unicode>
            </TextEquiv>
          </Glyph>
          <Glyph id="w2276g4">
            <Coords points="1631,1285 1638,1285 1638,1355 1631,1355"/>
            <TextEquiv index="1" conf="0.9999953269958497">
              <Unicode>e</Unicode>
            </TextEquiv>
          </Glyph>
          <Glyph id="w2276g5">
            <Coords points="1653,1285 1660,1285 1660,1355 1653,1355"/>
            <TextEquiv index="1" conf="0.9999966859817505">
              <Unicode>r</Unicode>
            </TextEquiv>
          </Glyph>
          <Glyph id="w2276g6">
            <Coords points="1698,1285 1698,1285 1698,1355 1698,1355"/>
            <TextEquiv index="1" conf="0.9999970197677613">
              <Unicode>,</Unicode>
            </TextEquiv>
          </Glyph>
          <TextEquiv index="1" conf="0.9998594367927471">
            <Unicode>ſicher,</Unicode>
          </TextEquiv>
        </Word>
        <Word id="w2277">
          <Coords points="1743,1285 1810,1285 1810,1355 1743,1355"/>
          <Glyph id="w2277g0">
            <Coords points="1743,1285 1750,1285 1750,1355 1743,1355"/>
            <TextEquiv index="1" conf="0.9999995470046996">
              <Unicode>d</Unicode>
            </TextEquiv>
          </Glyph>
          <Glyph id="w2277g1">
            <Coords points="1772,1285 1780,1285 1780,1355 1772,1355"/>
            <TextEquiv index="1" conf="0.9999992251396179">
              <Unicode>a</Unicode>
            </TextEquiv>
          </Glyph>
          <Glyph id="w2277g2">
            <Coords points="1802,1285 1810,1285 1810,1355 1802,1355"/>
            <TextEquiv index="1" conf="0.9999829292297362">
              <Unicode>ß</Unicode>
            </TextEquiv>
          </Glyph>
          <TextEquiv index="1" conf="0.9999817013953652">
            <Unicode>daß</Unicode>
          </TextEquiv>
        </Word>
        <TextEquiv index="1" conf="0.999962927336278">
          <Unicode>he, und wir ſind keinen Augenblick ſicher, daß</Unicode>
        </TextEquiv>
      </TextLine>
      <TextLine id="r1_l012">
        <Coords points="573,1437 1824,1437 1824,1371 573,1371 573,1437"/>
        <Word id="w2278">
          <Coords points="578,1371 614,1371 614,1437 578,1437"/>
          <Glyph id="w2278g0">
            <Coords points="578,1371 585,1371 585,1437 578,1437"/>
            <TextEquiv index="1" conf="0.9999984622001648">
              <Unicode>e</Unicode>
            </TextEquiv>
          </Glyph>
          <Glyph id="w2278g1">
            <Coords points="607,1371 614,1371 614,1437 607,1437"/>
            <TextEquiv index="1" conf="0.9999927401542663">
              <Unicode>r</Unicode>
            </TextEquiv>
          </Glyph>
          <TextEquiv index="1" conf="0.9999912023655952">
            <Unicode>er</Unicode>
          </TextEquiv>
        </Word>
        <Word id="w2279">
          <Coords points="664,1371 743,1371 743,1437 664,1437"/>
          <Glyph id="w2279g0">
            <Coords points="664,1371 671,1371 671,1437 664,1437"/>
            <TextEquiv index="1" conf="0.9999985814094543">
              <Unicode>u</Unicode>
            </TextEquiv>
          </Glyph>
          <Glyph id="w2279g1">
            <Coords points="700,1371 707,1371 707,1437 700,1437"/>
            <TextEquiv index="1" conf="0.9999929308891297">
              <Unicode>n</Unicode>
            </TextEquiv>
          </Glyph>
          <Glyph id="w2279g2">
            <Coords points="735,1371 743,1371 743,1437 735,1437"/>
            <TextEquiv index="1" conf="0.9999396502971649">
              <Unicode>s</Unicode>
            </TextEquiv>
          </Glyph>
          <TextEquiv index="1" conf="0.9999311631180068">
            <Unicode>uns</Unicode>
          </TextEquiv>
        </Word>
        <Word id="w2280">
          <Coords points="793,1371 893,1371 893,1437 793,1437"/>
          <Glyph id="w2280g0">
            <Coords points="793,1371 793,1371 793,1437 793,1437"/>
            <TextEquiv index="1" conf="0.9999939441680908">
              <Unicode>n</Unicode>
            </TextEquiv>
          </Glyph>
          <Glyph id="w2280g1">
            <Coords points="821,1371 828,1371 828,1437 821,1437"/>
            <TextEquiv index="1" conf="0.9999991178512573">
              <Unicode>i</Unicode>
            </TextEquiv>
          </Glyph>
          <Glyph id="w2280g2">
            <Coords points="843,1371 850,1371 850,1437 843,1437"/>
            <TextEquiv index="1" conf="0.9999972820281982">
              <Unicode>c</Unicode>
            </TextEquiv>
          </Glyph>
          <Glyph id="w2280g3">
            <Coords points="857,1371 864,1371 864,1437 857,1437"/>
            <TextEquiv index="1" conf="0.9999998450279236">
              <Unicode>h</Unicode>
            </TextEquiv>
          </Glyph>
          <Glyph id="w2280g4">
            <Coords points="886,1371 893,1371 893,1437 886,1437"/>
            <TextEquiv index="1" conf="0.9999949455261231">
              <Unicode>t</Unicode>
            </TextEquiv>
          </Glyph>
          <TextEquiv index="1" conf="0.9999851346768777">
            <Unicode>nicht</Unicode>
          </TextEquiv>
        </Word>
        <Word id="w2281">
          <Coords points="950,1371 1172,1371 1172,1437 950,1437"/>
          <Glyph id="w2281g0">
            <Coords points="950,1371 957,1371 957,1437 950,1437"/>
            <TextEquiv index="1" conf="0.9999145984649659">
              <Unicode>ü</Unicode>
            </TextEquiv>
          </Glyph>
          <Glyph id="w2281g1">
            <Coords points="986,1371 993,1371 993,1437 986,1437"/>
            <TextEquiv index="1" conf="0.9999988436698913">
              <Unicode>b</Unicode>
            </TextEquiv>
          </Glyph>
          <Glyph id="w2281g2">
            <Coords points="1014,1371 1022,1371 1022,1437 1014,1437"/>
            <TextEquiv index="1" conf="0.9999997973442077">
              <Unicode>e</Unicode>
            </TextEquiv>
          </Glyph>
          <Glyph id="w2281g3">
            <Coords points="1036,1371 1043,1371 1043,1437 1036,1437"/>
            <TextEquiv index="1" conf="0.9999953269958496">
              <Unicode>r</Unicode>
            </TextEquiv>
          </Glyph>
          <Glyph id="w2281g4">
            <Coords points="1057,1371 1064,1371 1064,1437 1057,1437"/>
            <TextEquiv index="1" conf="0.9808397293090821">
              <Unicode>f</Unicode>
            </TextEquiv>
          </Glyph>
          <Glyph id="w2281g5">
            <Coords points="1079,1371 1086,1371 1086,1437 1079,1437"/>
            <TextEquiv index="1" conf="0.9999768316745759">
              <Unicode>ä</Unicode>
            </TextEquiv>
          </Glyph>
          <Glyph id="w2281g6">
            <Coords points="1115,1371 1115,1371 1115,1437 1115,1437"/>
            <TextEquiv index="1" conf="0.9999641180038452">
              <Unicode>l</Unicode>
            </TextEquiv>
          </Glyph>
          <Glyph id="w2281g7">
            <Coords points="1129,1371 1136,1371 1136,1437 1129,1437"/>
            <TextEquiv index="1" conf="0.9999665558338166">
              <Unicode>l</Unicode>
            </TextEquiv>
          </Glyph>
          <Glyph id="w2281g8">
            <Coords points="1143,1371 1150,1371 1150,1437 1143,1437"/>
            <TextEquiv index="1" conf="0.9999562382698058">
              <Unicode>t</Unicode>
            </TextEquiv>
          </Glyph>
          <Glyph id="w2281g9">
            <Coords points="1165,1371 1172,1371 1172,1437 1165,1437"/>
            <TextEquiv index="1" conf="0.99998939037323">
              <Unicode>.</Unicode>
            </TextEquiv>
          </Glyph>
          <TextEquiv index="1" conf="0.9806060176420999">
            <Unicode>überfällt.</Unicode>
          </TextEquiv>
        </Word>
        <Word id="w2282">
          <Coords points="1243,1371 1329,1371 1329,1437 1243,1437"/>
          <Glyph id="w2282g0">
            <Coords points="1243,1371 1251,1371 1251,1437 1243,1437"/>
            <TextEquiv index="1" conf="0.9999956369400024">
              <Unicode>A</Unicode>
            </TextEquiv>
          </Glyph>
          <Glyph id="w2282g1">
            <Coords points="1286,1371 1293,1371 1293,1437 1286,1437"/>
            <TextEquiv index="1" conf="0.9999918222427367">
              <Unicode>l</Unicode>
            </TextEquiv>
          </Glyph>
          <Glyph id="w2282g2">
            <Coords points="1308,1371 1315,1371 1315,1437 1308,1437"/>
            <TextEquiv index="1" conf="0.9997315347194672">
              <Unicode>ſ</Unicode>
            </TextEquiv>
          </Glyph>
          <Glyph id="w2282g3">
            <Coords points="1322,1371 1329,1371 1329,1437 1322,1437"/>
            <TextEquiv index="1" conf="0.99999920129776">
              <Unicode>o</Unicode>
            </TextEquiv>
          </Glyph>
          <TextEquiv index="1" conf="0.9997181988268482">
            <Unicode>Alſo</Unicode>
          </TextEquiv>
        </Word>
        <Word id="w2283">
          <Coords points="1386,1371 1608,1371 1608,1437 1386,1437"/>
          <Glyph id="w2283g0">
            <Coords points="1386,1371 1394,1371 1394,1437 1386,1437"/>
            <TextEquiv index="1" conf="0.9999993324279783">
              <Unicode>g</Unicode>
            </TextEquiv>
          </Glyph>
          <Glyph id="w2283g1">
            <Coords points="1415,1371 1422,1371 1422,1437 1415,1437"/>
            <TextEquiv index="1" conf="0.9999943494796754">
              <Unicode>e</Unicode>
            </TextEquiv>
          </Glyph>
          <Glyph id="w2283g2">
            <Coords points="1444,1371 1451,1371 1451,1437 1444,1437"/>
            <TextEquiv index="1" conf="0.9998328566551208">
              <Unicode>ſ</Unicode>
            </TextEquiv>
          </Glyph>
          <Glyph id="w2283g3">
            <Coords points="1458,1371 1472,1371 1472,1437 1458,1437"/>
            <TextEquiv index="1" conf="0.9999996900558472">
              <Unicode>c</Unicode>
            </TextEquiv>
          </Glyph>
          <Glyph id="w2283g4">
            <Coords points="1472,1371 1487,1371 1487,1437 1472,1437"/>
            <TextEquiv index="1" conf="0.9999994277954101">
              <Unicode>h</Unicode>
            </TextEquiv>
          </Glyph>
          <Glyph id="w2283g5">
            <Coords points="1508,1371 1515,1371 1515,1437 1508,1437"/>
            <TextEquiv index="1" conf="0.9999494731426238">
              <Unicode>w</Unicode>
            </TextEquiv>
          </Glyph>
          <Glyph id="w2283g6">
            <Coords points="1551,1371 1558,1371 1558,1437 1551,1437"/>
            <TextEquiv index="1" conf="0.9999890327453613">
              <Unicode>i</Unicode>
            </TextEquiv>
          </Glyph>
          <Glyph id="w2283g7">
            <Coords points="1572,1371 1572,1371 1572,1437 1572,1437"/>
            <TextEquiv index="1" conf="0.9999970793724059">
              <Unicode>n</Unicode>
            </TextEquiv>
          </Glyph>
          <Glyph id="w2283g8">
            <Coords points="1601,1371 1608,1371 1608,1437 1601,1437"/>
            <TextEquiv index="1" conf="0.9999975323677062">
              <Unicode>d</Unicode>
            </TextEquiv>
          </Glyph>
          <TextEquiv index="1" conf="0.9997587878080892">
            <Unicode>geſchwind</Unicode>
          </TextEquiv>
        </Word>
        <Word id="w2284">
          <Coords points="1665,1371 1694,1371 1694,1437 1665,1437"/>
          <Glyph id="w2284g0">
            <Coords points="1665,1371 1673,1371 1673,1437 1665,1437"/>
            <TextEquiv index="1" conf="0.9999962925910949">
              <Unicode>ʒ</Unicode>
            </TextEquiv>
          </Glyph>
          <Glyph id="w2284g1">
            <Coords points="1687,1371 1694,1371 1694,1437 1687,1437"/>
            <TextEquiv index="1" conf="0.9999943852424622">
              <Unicode>u</Unicode>
            </TextEquiv>
          </Glyph>
          <TextEquiv index="1" conf="0.9999906778543733">
            <Unicode>ʒu</Unicode>
          </TextEquiv>
        </Word>
        <Word id="w2285">
          <Coords points="1744,1371 1823,1371 1823,1437 1744,1437"/>
          <Glyph id="w2285g0">
            <Coords points="1744,1371 1751,1371 1751,1437 1744,1437"/>
            <TextEquiv index="1" conf="0.9999949455261229">
              <Unicode>u</Unicode>
            </TextEquiv>
          </Glyph>
          <Glyph id="w2285g1">
            <Coords points="1780,1371 1787,1371 1787,1437 1780,1437"/>
            <TextEquiv index="1" conf="0.9999972462654114">
              <Unicode>n</Unicode>
            </TextEquiv>
          </Glyph>
          <Glyph id="w2285g2">
            <Coords points="1816,1371 1823,1371 1823,1437 1816,1437"/>
            <TextEquiv index="1" conf="0.9486740231513978">
              <Unicode>-</Unicode>
            </TextEquiv>
          </Glyph>
          <TextEquiv index="1" conf="0.9486666157200633">
            <Unicode>un-</Unicode>
          </TextEquiv>
        </Word>
        <TextEquiv index="1" conf="0.998410682413313">
          <Unicode>er uns nicht überfällt. Alſo geſchwind ʒu un-</Unicode>
        </TextEquiv>
      </TextLine>
      <TextLine id="r1_l013">
        <Coords points="573,1515 1840,1515 1840,1448 573,1448 573,1515"/>
        <Word id="w2286">
          <Coords points="577,1448 652,1448 652,1515 577,1515"/>
          <Glyph id="w2286g0">
            <Coords points="577,1448 591,1448 591,1515 577,1515"/>
            <TextEquiv index="1" conf="0.9998583436012268">
              <Unicode>ſ</Unicode>
            </TextEquiv>
          </Glyph>
          <Glyph id="w2286g1">
            <Coords points="597,1448 604,1448 604,1515 597,1515"/>
            <TextEquiv index="1" conf="0.9999916434288023">
              <Unicode>e</Unicode>
            </TextEquiv>
          </Glyph>
          <Glyph id="w2286g2">
            <Coords points="625,1448 625,1448 625,1515 625,1515"/>
            <TextEquiv index="1" conf="0.9999702274799346">
              <Unicode>r</Unicode>
            </TextEquiv>
          </Glyph>
          <Glyph id="w2286g3">
            <Coords points="645,1448 652,1448 652,1515 645,1515"/>
            <TextEquiv index="1" conf="0.9998184144496918">
              <Unicode>m</Unicode>
            </TextEquiv>
          </Glyph>
          <TextEquiv index="1" conf="0.9996386672550673">
            <Unicode>ſerm</Unicode>
          </TextEquiv>
        </Word>
        <Word id="w2287">
          <Coords points="720,1448 1136,1448 1136,1515 720,1515"/>
          <Glyph id="w2287g0">
            <Coords points="720,1448 727,1448 727,1515 720,1515"/>
            <TextEquiv index="1" conf="0.998294186592102">
              <Unicode>O</Unicode>
            </TextEquiv>
          </Glyph>
          <Glyph id="w2287g1">
            <Coords points="768,1448 775,1448 775,1515 768,1515"/>
            <TextEquiv index="1" conf="0.9999778091907501">
              <Unicode>p</Unicode>
            </TextEquiv>
          </Glyph>
          <Glyph id="w2287g2">
            <Coords points="802,1448 809,1448 809,1515 802,1515"/>
            <TextEquiv index="1" conf="0.9999963879585266">
              <Unicode>e</Unicode>
            </TextEquiv>
          </Glyph>
          <Glyph id="w2287g3">
            <Coords points="822,1448 829,1448 829,1515 822,1515"/>
            <TextEquiv index="1" conf="0.999994945526123">
              <Unicode>r</Unicode>
            </TextEquiv>
          </Glyph>
          <Glyph id="w2287g4">
            <Coords points="850,1448 856,1448 856,1515 850,1515"/>
            <TextEquiv index="1" conf="0.9999852776527405">
              <Unicode>a</Unicode>
            </TextEquiv>
          </Glyph>
          <Glyph id="w2287g5">
            <Coords points="884,1448 884,1448 884,1515 884,1515"/>
            <TextEquiv index="1" conf="0.9999937534332275">
              <Unicode>t</Unicode>
            </TextEquiv>
          </Glyph>
          <Glyph id="w2287g6">
            <Coords points="904,1448 904,1448 904,1515 904,1515"/>
            <TextEquiv index="1" conf="0.9999981760978699">
              <Unicode>i</Unicode>
            </TextEquiv>
          </Glyph>
          <Glyph id="w2287g7">
            <Coords points="918,1448 925,1448 925,1515 918,1515"/>
            <TextEquiv index="1" conf="0.9999889612197874">
              <Unicode>o</Unicode>
            </TextEquiv>
          </Glyph>
          <Glyph id="w2287g8">
            <Coords points="945,1448 952,1448 952,1515 945,1515"/>
            <TextEquiv index="1" conf="0.9999953389167786">
              <Unicode>n</Unicode>
            </TextEquiv>
          </Glyph>
          <Glyph id="w2287g9">
            <Coords points="979,1448 986,1448 986,1515 979,1515"/>
            <TextEquiv index="1" conf="0.9998715221881868">
              <Unicode>s</Unicode>
            </TextEquiv>
          </Glyph>
          <Glyph id="w2287g10">
            <Coords points="1006,1448 1013,1448 1013,1515 1006,1515"/>
            <TextEquiv index="1" conf="0.9999973535537718">
              <Unicode>p</Unicode>
            </TextEquiv>
          </Glyph>
          <Glyph id="w2287g11">
            <Coords points="1041,1448 1047,1448 1047,1515 1041,1515"/>
            <TextEquiv index="1" conf="0.9998850226402284">
              <Unicode>l</Unicode>
            </TextEquiv>
          </Glyph>
          <Glyph id="w2287g12">
            <Coords points="1061,1448 1068,1448 1068,1515 1061,1515"/>
            <TextEquiv index="1" conf="0.9999920964241027">
              <Unicode>a</Unicode>
            </TextEquiv>
          </Glyph>
          <Glyph id="w2287g13">
            <Coords points="1088,1448 1095,1448 1095,1515 1088,1515"/>
            <TextEquiv index="1" conf="0.9999344527721404">
              <Unicode>n</Unicode>
            </TextEquiv>
          </Glyph>
          <Glyph id="w2287g14">
            <Coords points="1129,1448 1136,1448 1136,1515 1129,1515"/>
            <TextEquiv index="1" conf="0.9999279141426087">
              <Unicode>:</Unicode>
            </TextEquiv>
          </Glyph>
          <TextEquiv index="1" conf="0.9978340706574516">
            <Unicode>Operationsplan:</Unicode>
          </TextEquiv>
        </Word>
        <Word id="w2288">
          <Coords points="1184,1448 1225,1448 1225,1515 1184,1515"/>
          <Glyph id="w2288g0">
            <Coords points="1184,1448 1191,1448 1191,1515 1184,1515"/>
            <TextEquiv index="1" conf="0.9996287822723388">
              <Unicode>U</Unicode>
            </TextEquiv>
          </Glyph>
          <Glyph id="w2288g1">
            <Coords points="1225,1448 1225,1448 1225,1515 1225,1515"/>
            <TextEquiv index="1" conf="0.9999564766883849">
              <Unicode>m</Unicode>
            </TextEquiv>
          </Glyph>
          <TextEquiv index="1" conf="0.9995852751173485">
            <Unicode>Um</Unicode>
          </TextEquiv>
        </Word>
        <Word id="w2289">
          <Coords points="1293,1448 1409,1448 1409,1515 1293,1515"/>
          <Glyph id="w2289g0">
            <Coords points="1293,1448 1300,1448 1300,1515 1293,1515"/>
            <TextEquiv index="1" conf="0.9995931804180146">
              <Unicode>ſ</Unicode>
            </TextEquiv>
          </Glyph>
          <Glyph id="w2289g1">
            <Coords points="1313,1448 1313,1448 1313,1515 1313,1515"/>
            <TextEquiv index="1" conf="0.9999986171722411">
              <Unicode>i</Unicode>
            </TextEquiv>
          </Glyph>
          <Glyph id="w2289g2">
            <Coords points="1327,1448 1334,1448 1334,1515 1327,1515"/>
            <TextEquiv index="1" conf="0.9999994039535522">
              <Unicode>e</Unicode>
            </TextEquiv>
          </Glyph>
          <Glyph id="w2289g3">
            <Coords points="1347,1448 1354,1448 1354,1515 1347,1515"/>
            <TextEquiv index="1" conf="0.9998314261436463">
              <Unicode>b</Unicode>
            </TextEquiv>
          </Glyph>
          <Glyph id="w2289g4">
            <Coords points="1381,1448 1388,1448 1388,1515 1381,1515"/>
            <TextEquiv index="1" conf="0.9999975442886352">
              <Unicode>e</Unicode>
            </TextEquiv>
          </Glyph>
          <Glyph id="w2289g5">
            <Coords points="1402,1448 1409,1448 1409,1515 1402,1515"/>
            <TextEquiv index="1" conf="0.9999992370605468">
              <Unicode>n</Unicode>
            </TextEquiv>
          </Glyph>
          <TextEquiv index="1" conf="0.9994194806151093">
            <Unicode>ſieben</Unicode>
          </TextEquiv>
        </Word>
        <Word id="w2290">
          <Coords points="1463,1448 1538,1448 1538,1515 1463,1515"/>
          <Glyph id="w2290g0">
            <Coords points="1463,1448 1463,1448 1463,1515 1463,1515"/>
            <TextEquiv index="1" conf="0.9992707014083861">
              <Unicode>U</Unicode>
            </TextEquiv>
          </Glyph>
          <Glyph id="w2290g1">
            <Coords points="1497,1448 1504,1448 1504,1515 1497,1515"/>
            <TextEquiv index="1" conf="0.9999677181243897">
              <Unicode>h</Unicode>
            </TextEquiv>
          </Glyph>
          <Glyph id="w2290g2">
            <Coords points="1531,1448 1538,1448 1538,1515 1531,1515"/>
            <TextEquiv index="1" conf="0.9999990105628968">
              <Unicode>r</Unicode>
            </TextEquiv>
          </Glyph>
          <TextEquiv index="1" conf="0.9992374543923117">
            <Unicode>Uhr</Unicode>
          </TextEquiv>
        </Word>
        <Word id="w2291">
          <Coords points="1579,1448 1668,1448 1668,1515 1579,1515"/>
          <Glyph id="w2291g0">
            <Coords points="1579,1448 1586,1448 1586,1515 1579,1515"/>
            <TextEquiv index="1" conf="0.9999997496604919">
              <Unicode>g</Unicode>
            </TextEquiv>
          </Glyph>
          <Glyph id="w2291g1">
            <Coords points="1613,1448 1613,1448 1613,1515 1613,1515"/>
            <TextEquiv index="1" conf="0.9999989986419678">
              <Unicode>e</Unicode>
            </TextEquiv>
          </Glyph>
          <Glyph id="w2291g2">
            <Coords points="1634,1448 1641,1448 1641,1515 1634,1515"/>
            <TextEquiv index="1" conf="0.9999830961227417">
              <Unicode>h</Unicode>
            </TextEquiv>
          </Glyph>
          <Glyph id="w2291g3">
            <Coords points="1668,1448 1668,1448 1668,1515 1668,1515"/>
            <TextEquiv index="1" conf="0.9999746441841126">
              <Unicode>t</Unicode>
            </TextEquiv>
          </Glyph>
          <TextEquiv index="1" conf="0.9999564890910722">
            <Unicode>geht</Unicode>
          </TextEquiv>
        </Word>
        <Word id="w2292">
          <Coords points="1695,1448 1811,1448 1811,1515 1695,1515"/>
          <Glyph id="w2292g0">
            <Coords points="1695,1448 1702,1448 1702,1515 1695,1515"/>
            <TextEquiv index="1" conf="0.999984312057495">
              <Unicode>u</Unicode>
            </TextEquiv>
          </Glyph>
          <Glyph id="w2292g1">
            <Coords points="1736,1448 1736,1448 1736,1515 1736,1515"/>
            <TextEquiv index="1" conf="0.9999951124191284">
              <Unicode>n</Unicode>
            </TextEquiv>
          </Glyph>
          <Glyph id="w2292g2">
            <Coords points="1770,1448 1770,1448 1770,1515 1770,1515"/>
            <TextEquiv index="1" conf="0.9977611422538758">
              <Unicode>ſ</Unicode>
            </TextEquiv>
          </Glyph>
          <Glyph id="w2292g3">
            <Coords points="1784,1448 1791,1448 1791,1515 1784,1515"/>
            <TextEquiv index="1" conf="0.9999904274940491">
              <Unicode>e</Unicode>
            </TextEquiv>
          </Glyph>
          <Glyph id="w2292g4">
            <Coords points="1811,1448 1811,1448 1811,1515 1811,1515"/>
            <TextEquiv index="1" conf="0.9999949932098389">
              <Unicode>r</Unicode>
            </TextEquiv>
          </Glyph>
          <TextEquiv index="1" conf="0.9977260665646548">
            <Unicode>unſer</Unicode>
          </TextEquiv>
        </Word>
        <TextEquiv index="1" conf="0.9998493164115483">
          <Unicode>ſerm Operationsplan: Um ſieben Uhr geht unſer</Unicode>
        </TextEquiv>
      </TextLine>
      <TextLine id="r1_l014">
        <Coords points="570,1607 1825,1607 1825,1526 570,1526 570,1607"/>
        <Word id="w2293">
          <Coords points="575,1526 697,1526 697,1607 575,1607"/>
          <Glyph id="w2293g0">
            <Coords points="575,1526 589,1526 589,1607 575,1607"/>
            <TextEquiv index="1" conf="0.9999411404132842">
              <Unicode>A</Unicode>
            </TextEquiv>
          </Glyph>
          <Glyph id="w2293g1">
            <Coords points="625,1526 632,1526 632,1607 625,1607"/>
            <TextEquiv index="1" conf="0.998861265182495">
              <Unicode>l</Unicode>
            </TextEquiv>
          </Glyph>
          <Glyph id="w2293g2">
            <Coords points="647,1526 654,1526 654,1607 647,1607"/>
            <TextEquiv index="1" conf="0.9999945998191834">
              <Unicode>t</Unicode>
            </TextEquiv>
          </Glyph>
          <Glyph id="w2293g3">
            <Coords points="668,1526 676,1526 676,1607 668,1607"/>
            <TextEquiv index="1" conf="0.9999955534934997">
              <Unicode>e</Unicode>
            </TextEquiv>
          </Glyph>
          <Glyph id="w2293g4">
            <Coords points="690,1526 697,1526 697,1607 690,1607"/>
            <TextEquiv index="1" conf="0.9999991059303284">
              <Unicode>r</Unicode>
            </TextEquiv>
          </Glyph>
          <TextEquiv index="1" conf="0.998791744759378">
            <Unicode>Alter</Unicode>
          </TextEquiv>
        </Word>
        <Word id="w2294">
          <Coords points="740,1526 991,1526 991,1607 740,1607"/>
          <Glyph id="w2294g0">
            <Coords points="740,1526 747,1526 747,1607 740,1607"/>
            <TextEquiv index="1" conf="0.9999991774559019">
              <Unicode>g</Unicode>
            </TextEquiv>
          </Glyph>
          <Glyph id="w2294g1">
            <Coords points="769,1526 776,1526 776,1607 769,1607"/>
            <TextEquiv index="1" conf="0.9999977231025695">
              <Unicode>e</Unicode>
            </TextEquiv>
          </Glyph>
          <Glyph id="w2294g2">
            <Coords points="790,1526 798,1526 798,1607 790,1607"/>
            <TextEquiv index="1" conf="0.9999365925788879">
              <Unicode>w</Unicode>
            </TextEquiv>
          </Glyph>
          <Glyph id="w2294g3">
            <Coords points="834,1526 841,1526 841,1607 834,1607"/>
            <TextEquiv index="1" conf="0.999983513355255">
              <Unicode>ö</Unicode>
            </TextEquiv>
          </Glyph>
          <Glyph id="w2294g4">
            <Coords points="869,1526 877,1526 877,1607 869,1607"/>
            <TextEquiv index="1" conf="0.9999814391136169">
              <Unicode>h</Unicode>
            </TextEquiv>
          </Glyph>
          <Glyph id="w2294g5">
            <Coords points="898,1526 905,1526 905,1607 898,1607"/>
            <TextEquiv index="1" conf="0.9999683797359467">
              <Unicode>n</Unicode>
            </TextEquiv>
          </Glyph>
          <Glyph id="w2294g6">
            <Coords points="934,1526 934,1526 934,1607 934,1607"/>
            <TextEquiv index="1" conf="0.9999971270561219">
              <Unicode>l</Unicode>
            </TextEquiv>
          </Glyph>
          <Glyph id="w2294g7">
            <Coords points="948,1526 956,1526 956,1607 948,1607"/>
            <TextEquiv index="1" conf="0.9999979019165038">
              <Unicode>i</Unicode>
            </TextEquiv>
          </Glyph>
          <Glyph id="w2294g8">
            <Coords points="970,1526 977,1526 977,1607 970,1607"/>
            <TextEquiv index="1" conf="0.9999805152416228">
              <Unicode>c</Unicode>
            </TextEquiv>
          </Glyph>
          <Glyph id="w2294g9">
            <Coords points="977,1526 991,1526 991,1607 977,1607"/>
            <TextEquiv index="1" conf="0.9999666273593902">
              <Unicode>h</Unicode>
            </TextEquiv>
          </Glyph>
          <TextEquiv index="1" conf="0.9998090115820313">
            <Unicode>gewöhnlich</Unicode>
          </TextEquiv>
        </Word>
        <Word id="w2295">
          <Coords points="1035,1526 1207,1526 1207,1607 1035,1607"/>
          <Glyph id="w2295g0">
            <Coords points="1035,1526 1042,1526 1042,1607 1035,1607"/>
            <TextEquiv index="1" conf="0.9999897599220275">
              <Unicode>h</Unicode>
            </TextEquiv>
          </Glyph>
          <Glyph id="w2295g1">
            <Coords points="1070,1526 1070,1526 1070,1607 1070,1607"/>
            <TextEquiv index="1" conf="0.9999985337257387">
              <Unicode>i</Unicode>
            </TextEquiv>
          </Glyph>
          <Glyph id="w2295g2">
            <Coords points="1085,1526 1092,1526 1092,1607 1085,1607"/>
            <TextEquiv index="1" conf="0.9999976634979248">
              <Unicode>n</Unicode>
            </TextEquiv>
          </Glyph>
          <Glyph id="w2295g3">
            <Coords points="1121,1526 1128,1526 1128,1607 1121,1607"/>
            <TextEquiv index="1" conf="0.9981423318386077">
              <Unicode>ü</Unicode>
            </TextEquiv>
          </Glyph>
          <Glyph id="w2295g4">
            <Coords points="1149,1526 1157,1526 1157,1607 1149,1607"/>
            <TextEquiv index="1" conf="0.9999955654144287">
              <Unicode>b</Unicode>
            </TextEquiv>
          </Glyph>
          <Glyph id="w2295g5">
            <Coords points="1185,1526 1185,1526 1185,1607 1185,1607"/>
            <TextEquiv index="1" conf="0.9999992966651917">
              <Unicode>e</Unicode>
            </TextEquiv>
          </Glyph>
          <Glyph id="w2295g6">
            <Coords points="1207,1526 1207,1526 1207,1607 1207,1607"/>
            <TextEquiv index="1" conf="0.9999925613403321">
              <Unicode>r</Unicode>
            </TextEquiv>
          </Glyph>
          <TextEquiv index="1" conf="0.9981157621141582">
            <Unicode>hinüber</Unicode>
          </TextEquiv>
        </Word>
        <Word id="w2296">
          <Coords points="1243,1526 1307,1526 1307,1607 1243,1607"/>
          <Glyph id="w2296g0">
            <Coords points="1243,1526 1250,1526 1250,1607 1243,1607"/>
            <TextEquiv index="1" conf="0.9999987006187439">
              <Unicode>ʒ</Unicode>
            </TextEquiv>
          </Glyph>
          <Glyph id="w2296g1">
            <Coords points="1264,1526 1271,1526 1271,1607 1264,1607"/>
            <TextEquiv index="1" conf="0.9999994039535522">
              <Unicode>u</Unicode>
            </TextEquiv>
          </Glyph>
          <Glyph id="w2296g2">
            <Coords points="1300,1526 1307,1526 1307,1607 1300,1607"/>
            <TextEquiv index="1" conf="0.9999894618988037">
              <Unicode>m</Unicode>
            </TextEquiv>
          </Glyph>
          <TextEquiv index="1" conf="0.9999875664918485">
            <Unicode>ʒum</Unicode>
          </TextEquiv>
        </Word>
        <Word id="w2297">
          <Coords points="1372,1526 1516,1526 1516,1607 1372,1607"/>
          <Glyph id="w2297g0">
            <Coords points="1372,1526 1379,1526 1379,1607 1372,1607"/>
            <TextEquiv index="1" conf="0.9999883532524108">
              <Unicode>B</Unicode>
            </TextEquiv>
          </Glyph>
          <Glyph id="w2297g1">
            <Coords points="1422,1526 1429,1526 1429,1607 1422,1607"/>
            <TextEquiv index="1" conf="0.9999678790569304">
              <Unicode>a</Unicode>
            </TextEquiv>
          </Glyph>
          <Glyph id="w2297g2">
            <Coords points="1451,1526 1458,1526 1458,1607 1451,1607"/>
            <TextEquiv index="1" conf="0.9999957323074341">
              <Unicode>r</Unicode>
            </TextEquiv>
          </Glyph>
          <Glyph id="w2297g3">
            <Coords points="1480,1526 1480,1526 1480,1607 1480,1607"/>
            <TextEquiv index="1" conf="0.9999779224395752">
              <Unicode>o</Unicode>
            </TextEquiv>
          </Glyph>
          <Glyph id="w2297g4">
            <Coords points="1508,1526 1516,1526 1516,1607 1508,1607"/>
            <TextEquiv index="1" conf="0.9999935150146485">
              <Unicode>n</Unicode>
            </TextEquiv>
          </Glyph>
          <TextEquiv index="1" conf="0.9999234041470515">
            <Unicode>Baron</Unicode>
          </TextEquiv>
        </Word>
        <Word id="w2298">
          <Coords points="1566,1526 1717,1526 1717,1607 1566,1607"/>
          <Glyph id="w2298g0">
            <Coords points="1566,1526 1580,1526 1580,1607 1566,1607"/>
            <TextEquiv index="1" conf="0.9999674618244173">
              <Unicode>H</Unicode>
            </TextEquiv>
          </Glyph>
          <Glyph id="w2298g1">
            <Coords points="1616,1526 1623,1526 1623,1607 1616,1607"/>
            <TextEquiv index="1" conf="0.9999891996383667">
              <Unicode>o</Unicode>
            </TextEquiv>
          </Glyph>
          <Glyph id="w2298g2">
            <Coords points="1645,1526 1652,1526 1652,1607 1645,1607"/>
            <TextEquiv index="1" conf="0.9999966859817505">
              <Unicode>l</Unicode>
            </TextEquiv>
          </Glyph>
          <Glyph id="w2298g3">
            <Coords points="1666,1526 1674,1526 1674,1607 1666,1607"/>
            <TextEquiv index="1" conf="0.9999142169952392">
              <Unicode>m</Unicode>
            </TextEquiv>
          </Glyph>
          <Glyph id="w2298g4">
            <Coords points="1717,1526 1717,1526 1717,1607 1717,1607"/>
            <TextEquiv index="1" conf="0.9999842524528504">
              <Unicode>,</Unicode>
            </TextEquiv>
          </Glyph>
          <TextEquiv index="1" conf="0.99985182347509">
            <Unicode>Holm,</Unicode>
          </TextEquiv>
        </Word>
        <Word id="w2299">
          <Coords points="1752,1526 1788,1526 1788,1607 1752,1607"/>
          <Glyph id="w2299g0">
            <Coords points="1752,1526 1760,1526 1760,1607 1752,1607"/>
            <TextEquiv index="1" conf="0.9999879360198974">
              <Unicode>u</Unicode>
            </TextEquiv>
          </Glyph>
          <Glyph id="w2299g1">
            <Coords points="1788,1526 1788,1526 1788,1607 1788,1607"/>
            <TextEquiv index="1" conf="0.9999954342842101">
              <Unicode>m</Unicode>
            </TextEquiv>
          </Glyph>
          <TextEquiv index="1" conf="0.9999833703591883">
            <Unicode>um</Unicode>
          </TextEquiv>
        </Word>
        <TextEquiv index="1" conf="0.9999121078225068">
          <Unicode>Alter gewöhnlich hinüber ʒum Baron Holm, um</Unicode>
        </TextEquiv>
      </TextLine>
      <TextLine id="r1_l015">
        <Coords points="569,1679 1825,1679 1825,1608 569,1608 569,1679"/>
        <Word id="w2300">
          <Coords points="573,1608 650,1608 650,1679 573,1679"/>
          <Glyph id="w2300g0">
            <Coords points="573,1608 580,1608 580,1679 573,1679"/>
            <TextEquiv index="1" conf="0.9999980092048645">
              <Unicode>m</Unicode>
            </TextEquiv>
          </Glyph>
          <Glyph id="w2300g1">
            <Coords points="629,1608 629,1608 629,1679 629,1679"/>
            <TextEquiv index="1" conf="0.999997842311859">
              <Unicode>i</Unicode>
            </TextEquiv>
          </Glyph>
          <Glyph id="w2300g2">
            <Coords points="643,1608 650,1608 650,1679 643,1679"/>
            <TextEquiv index="1" conf="0.9999947667121888">
              <Unicode>t</Unicode>
            </TextEquiv>
          </Glyph>
          <TextEquiv index="1" conf="0.999990618254918">
            <Unicode>mit</Unicode>
          </TextEquiv>
        </Word>
        <Word id="w2301">
          <Coords points="692,1608 748,1608 748,1679 692,1679"/>
          <Glyph id="w2301g0">
            <Coords points="692,1608 699,1608 699,1679 692,1679"/>
            <TextEquiv index="1" conf="0.9999994158744812">
              <Unicode>i</Unicode>
            </TextEquiv>
          </Glyph>
          <Glyph id="w2301g1">
            <Coords points="706,1608 713,1608 713,1679 706,1679"/>
            <TextEquiv index="1" conf="0.9999902486801148">
              <Unicode>h</Unicode>
            </TextEquiv>
          </Glyph>
          <Glyph id="w2301g2">
            <Coords points="741,1608 748,1608 748,1679 741,1679"/>
            <TextEquiv index="1" conf="0.9994089245796203">
              <Unicode>m</Unicode>
            </TextEquiv>
          </Glyph>
          <TextEquiv index="1" conf="0.9993985952489366">
            <Unicode>ihm</Unicode>
          </TextEquiv>
        </Word>
        <Word id="w2302">
          <Coords points="825,1608 1195,1608 1195,1679 825,1679"/>
          <Glyph id="w2302g0">
            <Coords points="825,1608 832,1608 832,1679 825,1679"/>
            <TextEquiv index="1" conf="0.9999992370605467">
              <Unicode>g</Unicode>
            </TextEquiv>
          </Glyph>
          <Glyph id="w2302g1">
            <Coords points="853,1608 860,1608 860,1679 853,1679"/>
            <TextEquiv index="1" conf="0.9999995589256288">
              <Unicode>e</Unicode>
            </TextEquiv>
          </Glyph>
          <Glyph id="w2302g2">
            <Coords points="874,1608 881,1608 881,1679 874,1679"/>
            <TextEquiv index="1" conf="0.9999918341636657">
              <Unicode>m</Unicode>
            </TextEquiv>
          </Glyph>
          <Glyph id="w2302g3">
            <Coords points="923,1608 930,1608 930,1679 923,1679"/>
            <TextEquiv index="1" conf="0.9999644994735718">
              <Unicode>e</Unicode>
            </TextEquiv>
          </Glyph>
          <Glyph id="w2302g4">
            <Coords points="951,1608 951,1608 951,1679 951,1679"/>
            <TextEquiv index="1" conf="0.99999361038208">
              <Unicode>i</Unicode>
            </TextEquiv>
          </Glyph>
          <Glyph id="w2302g5">
            <Coords points="965,1608 972,1608 972,1679 965,1679"/>
            <TextEquiv index="1" conf="0.9999897360801696">
              <Unicode>n</Unicode>
            </TextEquiv>
          </Glyph>
          <Glyph id="w2302g6">
            <Coords points="999,1608 1006,1608 1006,1679 999,1679"/>
            <TextEquiv index="1" conf="0.9957432389259339">
              <Unicode>ſ</Unicode>
            </TextEquiv>
          </Glyph>
          <Glyph id="w2302g7">
            <Coords points="1020,1608 1027,1608 1027,1679 1020,1679"/>
            <TextEquiv index="1" conf="0.999995744228363">
              <Unicode>c</Unicode>
            </TextEquiv>
          </Glyph>
          <Glyph id="w2302g8">
            <Coords points="1027,1608 1041,1608 1041,1679 1027,1679"/>
            <TextEquiv index="1" conf="0.9999891877174376">
              <Unicode>h</Unicode>
            </TextEquiv>
          </Glyph>
          <Glyph id="w2302g9">
            <Coords points="1062,1608 1062,1608 1062,1679 1062,1679"/>
            <TextEquiv index="1" conf="0.9984202027320862">
              <Unicode>a</Unicode>
            </TextEquiv>
          </Glyph>
          <Glyph id="w2302g10">
            <Coords points="1090,1608 1097,1608 1097,1679 1090,1679"/>
            <TextEquiv index="1" conf="0.6120834331028162">
              <Unicode>f</Unicode>
            </TextEquiv>
          </Glyph>
          <Glyph id="w2302g11">
            <Coords points="1111,1608 1118,1608 1118,1679 1111,1679"/>
            <TextEquiv index="1" conf="0.9997612476348877">
              <Unicode>t</Unicode>
            </TextEquiv>
          </Glyph>
          <Glyph id="w2302g12">
            <Coords points="1132,1608 1139,1608 1139,1679 1132,1679"/>
            <TextEquiv index="1" conf="0.9999806582927704">
              <Unicode>l</Unicode>
            </TextEquiv>
          </Glyph>
          <Glyph id="w2302g13">
            <Coords points="1153,1608 1160,1608 1160,1679 1153,1679"/>
            <TextEquiv index="1" conf="0.9999992489814757">
              <Unicode>i</Unicode>
            </TextEquiv>
          </Glyph>
          <Glyph id="w2302g14">
            <Coords points="1167,1608 1181,1608 1181,1679 1167,1679"/>
            <TextEquiv index="1" conf="0.999999713897705">
              <Unicode>c</Unicode>
            </TextEquiv>
          </Glyph>
          <Glyph id="w2302g15">
            <Coords points="1181,1608 1195,1608 1195,1679 1181,1679"/>
            <TextEquiv index="1" conf="0.9999936461448669">
              <Unicode>h</Unicode>
            </TextEquiv>
          </Glyph>
          <TextEquiv index="1" conf="0.6083069472029556">
            <Unicode>gemeinſchaftlich</Unicode>
          </TextEquiv>
        </Word>
        <Word id="w2303">
          <Coords points="1251,1608 1314,1608 1314,1679 1251,1679"/>
          <Glyph id="w2303g0">
            <Coords points="1251,1608 1251,1608 1251,1679 1251,1679"/>
            <TextEquiv index="1" conf="0.9998385071754455">
              <Unicode>d</Unicode>
            </TextEquiv>
          </Glyph>
          <Glyph id="w2303g1">
            <Coords points="1279,1608 1279,1608 1279,1679 1279,1679"/>
            <TextEquiv index="1" conf="0.999759066104889">
              <Unicode>a</Unicode>
            </TextEquiv>
          </Glyph>
          <Glyph id="w2303g2">
            <Coords points="1307,1608 1314,1608 1314,1679 1307,1679"/>
            <TextEquiv index="1" conf="0.9998222172260285">
              <Unicode>s</Unicode>
            </TextEquiv>
          </Glyph>
          <TextEquiv index="1" conf="0.9994199009530794">
            <Unicode>das</Unicode>
          </TextEquiv>
        </Word>
        <Word id="w2304">
          <Coords points="1363,1608 1691,1608 1691,1679 1363,1679"/>
          <Glyph id="w2304g0">
            <Coords points="1363,1608 1370,1608 1370,1679 1363,1679"/>
            <TextEquiv index="1" conf="0.9999105274677277">
              <Unicode>G</Unicode>
            </TextEquiv>
          </Glyph>
          <Glyph id="w2304g1">
            <Coords points="1419,1608 1419,1608 1419,1679 1419,1679"/>
            <TextEquiv index="1" conf="0.9999966144561768">
              <Unicode>l</Unicode>
            </TextEquiv>
          </Glyph>
          <Glyph id="w2304g2">
            <Coords points="1439,1608 1439,1608 1439,1679 1439,1679"/>
            <TextEquiv index="1" conf="0.9999265372753143">
              <Unicode>e</Unicode>
            </TextEquiv>
          </Glyph>
          <Glyph id="w2304g3">
            <Coords points="1460,1608 1467,1608 1467,1679 1460,1679"/>
            <TextEquiv index="1" conf="0.9999996185302735">
              <Unicode>i</Unicode>
            </TextEquiv>
          </Glyph>
          <Glyph id="w2304g4">
            <Coords points="1481,1608 1488,1608 1488,1679 1481,1679"/>
            <TextEquiv index="1" conf="0.9999969482421875">
              <Unicode>c</Unicode>
            </TextEquiv>
          </Glyph>
          <Glyph id="w2304g5">
            <Coords points="1495,1608 1502,1608 1502,1679 1495,1679"/>
            <TextEquiv index="1" conf="0.9999817728996278">
              <Unicode>h</Unicode>
            </TextEquiv>
          </Glyph>
          <Glyph id="w2304g6">
            <Coords points="1523,1608 1523,1608 1523,1679 1523,1679"/>
            <TextEquiv index="1" conf="0.9998876631259919">
              <Unicode>g</Unicode>
            </TextEquiv>
          </Glyph>
          <Glyph id="w2304g7">
            <Coords points="1551,1608 1558,1608 1558,1679 1551,1679"/>
            <TextEquiv index="1" conf="0.9999538540840149">
              <Unicode>e</Unicode>
            </TextEquiv>
          </Glyph>
          <Glyph id="w2304g8">
            <Coords points="1572,1608 1579,1608 1579,1679 1572,1679"/>
            <TextEquiv index="1" conf="0.9999158143997191">
              <Unicode>w</Unicode>
            </TextEquiv>
          </Glyph>
          <Glyph id="w2304g9">
            <Coords points="1621,1608 1621,1608 1621,1679 1621,1679"/>
            <TextEquiv index="1" conf="0.9999988079071045">
              <Unicode>i</Unicode>
            </TextEquiv>
          </Glyph>
          <Glyph id="w2304g10">
            <Coords points="1635,1608 1642,1608 1642,1679 1635,1679"/>
            <TextEquiv index="1" conf="0.9999963045120239">
              <Unicode>c</Unicode>
            </TextEquiv>
          </Glyph>
          <Glyph id="w2304g11">
            <Coords points="1649,1608 1656,1608 1656,1679 1649,1679"/>
            <TextEquiv index="1" conf="0.9999705851078032">
              <Unicode>h</Unicode>
            </TextEquiv>
          </Glyph>
          <Glyph id="w2304g12">
            <Coords points="1684,1608 1691,1608 1691,1679 1684,1679"/>
            <TextEquiv index="1" conf="0.9999961256980897">
              <Unicode>t</Unicode>
            </TextEquiv>
          </Glyph>
          <TextEquiv index="1" conf="0.9995312653519894">
            <Unicode>Gleichgewicht</Unicode>
          </TextEquiv>
        </Word>
        <Word id="w2305">
          <Coords points="1740,1608 1803,1608 1803,1679 1740,1679"/>
          <Glyph id="w2305g0">
            <Coords points="1740,1608 1740,1608 1740,1679 1740,1679"/>
            <TextEquiv index="1" conf="0.9999368965625763">
              <Unicode>v</Unicode>
            </TextEquiv>
          </Glyph>
          <Glyph id="w2305g1">
            <Coords points="1768,1608 1775,1608 1775,1679 1768,1679"/>
            <TextEquiv index="1" conf="0.9999986290931702">
              <Unicode>o</Unicode>
            </TextEquiv>
          </Glyph>
          <Glyph id="w2305g2">
            <Coords points="1796,1608 1803,1608 1803,1679 1796,1679"/>
            <TextEquiv index="1" conf="0.9999800801277161">
              <Unicode>n</Unicode>
            </TextEquiv>
          </Glyph>
          <TextEquiv index="1" conf="0.9999156071542905">
            <Unicode>von</Unicode>
          </TextEquiv>
        </Word>
        <TextEquiv index="1" conf="0.9913937993246411">
          <Unicode>mit ihm gemeinſchaftlich das Gleichgewicht von</Unicode>
        </TextEquiv>
      </TextLine>
      <TextLine id="r1_l016">
        <Coords points="607,1766 607,1753 608,1752 879,1752 880,1751 880,1750 882,1748 973,1748 1514,1748 1514,1749 1514,1750 1515,1750 1743,1750 1744,1751 1745,1751 1746,1752 1753,1752 1754,1751 1757,1751 1758,1750 1759,1750 1760,1749 1761,1749 1762,1748 1836,1748 1836,1747 1764,1747 1763,1747 1763,1746 1764,1745 1764,1742 1765,1741 1815,1741 1816,1740 1817,1740 1818,1739 1819,1739 1820,1738 1820,1737 1821,1736 1821,1717 1822,1716 1822,1712 1820,1709 1819,1709 1818,1708 1816,1708 1815,1708 1815,1704 1814,1702 1648,1702 1647,1701 1646,1701 1645,1700 1644,1700 1643,1700 1643,1693 1643,1692 1604,1692 1603,1692 1603,1691 1602,1689 1601,1689 1600,1688 1473,1688 1472,1687 1154,1687 1153,1687 1153,1682 1153,1681 1150,1681 1149,1682 1149,1685 936,1685 933,1688 933,1691 801,1691 800,1692 798,1692 797,1693 585,1693 584,1694 581,1694 580,1695 579,1695 577,1697 576,1697 572,1701 572,1702 571,1703 571,1704 569,1706 569,1709 568,1710 568,1712 567,1713 567,1721 567,1723 568,1724 568,1725 569,1726 569,1731 573,1735 573,1737 575,1738 576,1738 581,1743 582,1743 583,1744 585,1744 586,1745 598,1745 598,1746 598,1754 601,1756 605,1756 605,1757 605,1765 607,1766"/>
        <Word id="w2306">
          <Coords points="573,1681 749,1681 749,1766 573,1766"/>
          <Glyph id="w2306g0">
            <Coords points="573,1681 580,1681 580,1766 573,1766"/>
            <TextEquiv index="1" conf="0.9998419106006622">
              <Unicode>E</Unicode>
            </TextEquiv>
          </Glyph>
          <Glyph id="w2306g1">
            <Coords points="624,1681 631,1681 631,1766 624,1766"/>
            <TextEquiv index="1" conf="0.9999548852443696">
              <Unicode>u</Unicode>
            </TextEquiv>
          </Glyph>
          <Glyph id="w2306g2">
            <Coords points="661,1681 661,1681 661,1766 661,1766"/>
            <TextEquiv index="1" conf="0.999992072582245">
              <Unicode>r</Unicode>
            </TextEquiv>
          </Glyph>
          <Glyph id="w2306g3">
            <Coords points="683,1681 690,1681 690,1766 683,1766"/>
            <TextEquiv index="1" conf="0.9999963998794554">
              <Unicode>o</Unicode>
            </TextEquiv>
          </Glyph>
          <Glyph id="w2306g4">
            <Coords points="712,1681 719,1681 719,1766 712,1766"/>
            <TextEquiv index="1" conf="0.9999934792518617">
              <Unicode>p</Unicode>
            </TextEquiv>
          </Glyph>
          <Glyph id="w2306g5">
            <Coords points="749,1681 749,1681 749,1766 749,1766"/>
            <TextEquiv index="1" conf="0.9999807119369507">
              <Unicode>a</Unicode>
            </TextEquiv>
          </Glyph>
          <TextEquiv index="1" conf="0.9997594746660746">
            <Unicode>Europa</Unicode>
          </TextEquiv>
        </Word>
        <Word id="w2307">
          <Coords points="800,1681 1108,1681 1108,1766 800,1766"/>
          <Glyph id="w2307g0">
            <Coords points="800,1681 800,1681 800,1766 800,1766"/>
            <TextEquiv index="1" conf="0.9999935626983641">
              <Unicode>h</Unicode>
            </TextEquiv>
          </Glyph>
          <Glyph id="w2307g1">
            <Coords points="829,1681 837,1681 837,1766 829,1766"/>
            <TextEquiv index="1" conf="0.9999974966049195">
              <Unicode>e</Unicode>
            </TextEquiv>
          </Glyph>
          <Glyph id="w2307g2">
            <Coords points="851,1681 859,1681 859,1766 851,1766"/>
            <TextEquiv index="1" conf="0.9999956011772154">
              <Unicode>r</Unicode>
            </TextEquiv>
          </Glyph>
          <Glyph id="w2307g3">
            <Coords points="881,1681 888,1681 888,1766 881,1766"/>
            <TextEquiv index="1" conf="0.9999977707862854">
              <Unicode>ʒ</Unicode>
            </TextEquiv>
          </Glyph>
          <Glyph id="w2307g4">
            <Coords points="903,1681 910,1681 910,1766 903,1766"/>
            <TextEquiv index="1" conf="0.9999983429908752">
              <Unicode>u</Unicode>
            </TextEquiv>
          </Glyph>
          <Glyph id="w2307g5">
            <Coords points="932,1681 940,1681 940,1766 932,1766"/>
            <TextEquiv index="1" conf="0.9983537733554841">
              <Unicode>ſ</Unicode>
            </TextEquiv>
          </Glyph>
          <Glyph id="w2307g6">
            <Coords points="954,1681 962,1681 962,1766 954,1766"/>
            <TextEquiv index="1" conf="0.9998844206333161">
              <Unicode>t</Unicode>
            </TextEquiv>
          </Glyph>
          <Glyph id="w2307g7">
            <Coords points="976,1681 976,1681 976,1766 976,1766"/>
            <TextEquiv index="1" conf="0.9999993324279784">
              <Unicode>e</Unicode>
            </TextEquiv>
          </Glyph>
          <Glyph id="w2307g8">
            <Coords points="998,1681 1006,1681 1006,1766 998,1766"/>
            <TextEquiv index="1" conf="0.9999895334243775">
              <Unicode>l</Unicode>
            </TextEquiv>
          </Glyph>
          <Glyph id="w2307g9">
            <Coords points="1013,1681 1020,1681 1020,1766 1013,1766"/>
            <TextEquiv index="1" conf="0.9999543726444243">
              <Unicode>l</Unicode>
            </TextEquiv>
          </Glyph>
          <Glyph id="w2307g10">
            <Coords points="1028,1681 1035,1681 1035,1766 1028,1766"/>
            <TextEquiv index="1" conf="0.9999989986419678">
              <Unicode>e</Unicode>
            </TextEquiv>
          </Glyph>
          <Glyph id="w2307g11">
            <Coords points="1057,1681 1057,1681 1057,1766 1057,1766"/>
            <TextEquiv index="1" conf="0.9999846339225769">
              <Unicode>n</Unicode>
            </TextEquiv>
          </Glyph>
          <Glyph id="w2307g12">
            <Coords points="1101,1681 1108,1681 1108,1766 1101,1766"/>
            <TextEquiv index="1" conf="0.9999929904937744">
              <Unicode>,</Unicode>
            </TextEquiv>
          </Glyph>
          <TextEquiv index="1" conf="0.9981411950469689">
            <Unicode>herʒuſtellen,</Unicode>
          </TextEquiv>
        </Word>
        <Word id="w2308">
          <Coords points="1152,1681 1218,1681 1218,1766 1152,1766"/>
          <Glyph id="w2308g0">
            <Coords points="1152,1681 1160,1681 1160,1766 1152,1766"/>
            <TextEquiv index="1" conf="0.9999976634979247">
              <Unicode>u</Unicode>
            </TextEquiv>
          </Glyph>
          <Glyph id="w2308g1">
            <Coords points="1189,1681 1189,1681 1189,1766 1189,1766"/>
            <TextEquiv index="1" conf="0.9999999999999999">
              <Unicode>n</Unicode>
            </TextEquiv>
          </Glyph>
          <Glyph id="w2308g2">
            <Coords points="1218,1681 1218,1681 1218,1766 1218,1766"/>
            <TextEquiv index="1" conf="0.9999999761581421">
              <Unicode>d</Unicode>
            </TextEquiv>
          </Glyph>
          <TextEquiv index="1" conf="0.9999976396561224">
            <Unicode>und</Unicode>
          </TextEquiv>
        </Word>
        <Word id="w2309">
          <Coords points="1270,1681 1321,1681 1321,1766 1270,1766"/>
          <Glyph id="w2309g0">
            <Coords points="1270,1681 1277,1681 1277,1766 1270,1766"/>
            <TextEquiv index="1" conf="0.9999999999999999">
              <Unicode>d</Unicode>
            </TextEquiv>
          </Glyph>
          <Glyph id="w2309g1">
            <Coords points="1299,1681 1307,1681 1307,1766 1299,1766"/>
            <TextEquiv index="1" conf="0.9999993681907653">
              <Unicode>i</Unicode>
            </TextEquiv>
          </Glyph>
          <Glyph id="w2309g2">
            <Coords points="1321,1681 1321,1681 1321,1766 1321,1766"/>
            <TextEquiv index="1" conf="0.9999999523162841">
              <Unicode>e</Unicode>
            </TextEquiv>
          </Glyph>
          <TextEquiv index="1" conf="0.9999993205070794">
            <Unicode>die</Unicode>
          </TextEquiv>
        </Word>
        <Word id="w2310">
          <Coords points="1365,1681 1512,1681 1512,1766 1365,1766"/>
          <Glyph id="w2310g0">
            <Coords points="1365,1681 1373,1681 1373,1766 1365,1766"/>
            <TextEquiv index="1" conf="0.999998700618744">
              <Unicode>F</Unicode>
            </TextEquiv>
          </Glyph>
          <Glyph id="w2310g1">
            <Coords points="1409,1681 1417,1681 1417,1766 1409,1766"/>
            <TextEquiv index="1" conf="0.999998128414154">
              <Unicode>e</Unicode>
            </TextEquiv>
          </Glyph>
          <Glyph id="w2310g2">
            <Coords points="1431,1681 1439,1681 1439,1766 1431,1766"/>
            <TextEquiv index="1" conf="0.9999960541725159">
              <Unicode>h</Unicode>
            </TextEquiv>
          </Glyph>
          <Glyph id="w2310g3">
            <Coords points="1468,1681 1468,1681 1468,1766 1468,1766"/>
            <TextEquiv index="1" conf="0.999999165534973">
              <Unicode>l</Unicode>
            </TextEquiv>
          </Glyph>
          <Glyph id="w2310g4">
            <Coords points="1483,1681 1490,1681 1490,1766 1483,1766"/>
            <TextEquiv index="1" conf="0.9999992489814757">
              <Unicode>e</Unicode>
            </TextEquiv>
          </Glyph>
          <Glyph id="w2310g5">
            <Coords points="1512,1681 1512,1681 1512,1766 1512,1766"/>
            <TextEquiv index="1" conf="0.9999969244003297">
              <Unicode>r</Unicode>
            </TextEquiv>
          </Glyph>
          <TextEquiv index="1" conf="0.9999882221758113">
            <Unicode>Fehler</Unicode>
          </TextEquiv>
        </Word>
        <Word id="w2311">
          <Coords points="1556,1681 1696,1681 1696,1766 1556,1766"/>
          <Glyph id="w2311g0">
            <Coords points="1556,1681 1563,1681 1563,1766 1556,1766"/>
            <TextEquiv index="1" conf="0.9999977469444274">
              <Unicode>w</Unicode>
            </TextEquiv>
          </Glyph>
          <Glyph id="w2311g1">
            <Coords points="1600,1681 1607,1681 1607,1766 1600,1766"/>
            <TextEquiv index="1" conf="0.9999978423118591">
              <Unicode>i</Unicode>
            </TextEquiv>
          </Glyph>
          <Glyph id="w2311g2">
            <Coords points="1622,1681 1622,1681 1622,1766 1622,1766"/>
            <TextEquiv index="1" conf="0.9999967694282533">
              <Unicode>e</Unicode>
            </TextEquiv>
          </Glyph>
          <Glyph id="w2311g3">
            <Coords points="1644,1681 1644,1681 1644,1766 1644,1766"/>
            <TextEquiv index="1" conf="0.9999992489814757">
              <Unicode>d</Unicode>
            </TextEquiv>
          </Glyph>
          <Glyph id="w2311g4">
            <Coords points="1674,1681 1674,1681 1674,1766 1674,1766"/>
            <TextEquiv index="1" conf="0.9999989032745361">
              <Unicode>e</Unicode>
            </TextEquiv>
          </Glyph>
          <Glyph id="w2311g5">
            <Coords points="1696,1681 1696,1681 1696,1766 1696,1766"/>
            <TextEquiv index="1" conf="0.9999990701675414">
              <Unicode>r</Unicode>
            </TextEquiv>
          </Glyph>
          <TextEquiv index="1" conf="0.9999895811509697">
            <Unicode>wieder</Unicode>
          </TextEquiv>
        </Word>
        <Word id="w2312">
          <Coords points="1747,1681 1813,1681 1813,1766 1747,1766"/>
          <Glyph id="w2312g0">
            <Coords points="1747,1681 1754,1681 1754,1766 1747,1766"/>
            <TextEquiv index="1" conf="0.9999974846839904">
              <Unicode>g</Unicode>
            </TextEquiv>
          </Glyph>
          <Glyph id="w2312g1">
            <Coords points="1776,1681 1784,1681 1784,1766 1776,1766"/>
            <TextEquiv index="1" conf="0.9999801516532899">
              <Unicode>u</Unicode>
            </TextEquiv>
          </Glyph>
          <Glyph id="w2312g2">
            <Coords points="1813,1681 1813,1681 1813,1766 1813,1766"/>
            <TextEquiv index="1" conf="0.9999973297119141">
              <Unicode>t</Unicode>
            </TextEquiv>
          </Glyph>
          <TextEquiv index="1" conf="0.9999749661588366">
            <Unicode>gut</Unicode>
          </TextEquiv>
        </Word>
        <TextEquiv index="1" conf="0.9999518448891846">
          <Unicode>Europa herʒuſtellen, und die Fehler wieder gut</Unicode>
        </TextEquiv>
      </TextLine>
      <TextLine id="r1_l017">
        <Coords points="1817,1835 1817,1827 1818,1826 1835,1826 1836,1825 1836,1823 1835,1822 1835,1815 1830,1809 1820,1809 1819,1809 1819,1799 1818,1798 1818,1797 1816,1795 1816,1794 1815,1793 1815,1789 1813,1786 1812,1786 1811,1785 1807,1785 1805,1783 1804,1783 1804,1778 1803,1776 1613,1776 1612,1776 1612,1770 1612,1769 1609,1769 1608,1768 1573,1768 1572,1767 1436,1767 1434,1765 1432,1765 1431,1766 1431,1767 1306,1767 1305,1768 1304,1768 1303,1769 750,1769 749,1770 747,1770 746,1771 745,1771 744,1772 743,1772 741,1774 739,1774 737,1776 737,1786 734,1786 733,1787 732,1787 731,1788 706,1788 705,1789 574,1789 573,1790 571,1790 568,1793 568,1817 566,1819 566,1822 565,1823 565,1825 566,1826 566,1828 573,1834 577,1834 580,1831 750,1831 752,1829 827,1829 829,1827 1555,1827 1556,1828 1776,1828 1776,1827 1777,1826 1815,1826 1815,1827 1815,1835 1816,1835 1817,1835"/>
        <Word id="w2313">
          <Coords points="576,1765 603,1765 603,1835 576,1835"/>
          <Glyph id="w2313g0">
            <Coords points="576,1765 583,1765 583,1835 576,1835"/>
            <TextEquiv index="1" conf="0.9999845981597901">
              <Unicode>ʒ</Unicode>
            </TextEquiv>
          </Glyph>
          <Glyph id="w2313g1">
            <Coords points="596,1765 603,1765 603,1835 596,1835"/>
            <TextEquiv index="1" conf="0.9999712407588959">
              <Unicode>u</Unicode>
            </TextEquiv>
          </Glyph>
          <TextEquiv index="1" conf="0.9999558393616312">
            <Unicode>ʒu</Unicode>
          </TextEquiv>
        </Word>
        <Word id="w2314">
          <Coords points="657,1765 841,1765 841,1835 657,1835"/>
          <Glyph id="w2314g0">
            <Coords points="657,1765 657,1765 657,1835 657,1835"/>
            <TextEquiv index="1" conf="0.9999982476234437">
              <Unicode>m</Unicode>
            </TextEquiv>
          </Glyph>
          <Glyph id="w2314g1">
            <Coords points="705,1765 705,1765 705,1835 705,1835"/>
            <TextEquiv index="1" conf="0.9999986171722413">
              <Unicode>a</Unicode>
            </TextEquiv>
          </Glyph>
          <Glyph id="w2314g2">
            <Coords points="732,1765 739,1765 739,1835 732,1835"/>
            <TextEquiv index="1" conf="0.9999742209911346">
              <Unicode>c</Unicode>
            </TextEquiv>
          </Glyph>
          <Glyph id="w2314g3">
            <Coords points="746,1765 753,1765 753,1835 746,1835"/>
            <TextEquiv index="1" conf="0.9999980092048644">
              <Unicode>h</Unicode>
            </TextEquiv>
          </Glyph>
          <Glyph id="w2314g4">
            <Coords points="780,1765 780,1765 780,1835 780,1835"/>
            <TextEquiv index="1" conf="0.9999982714653016">
              <Unicode>e</Unicode>
            </TextEquiv>
          </Glyph>
          <Glyph id="w2314g5">
            <Coords points="800,1765 807,1765 807,1835 800,1835"/>
            <TextEquiv index="1" conf="0.9999982714653015">
              <Unicode>n</Unicode>
            </TextEquiv>
          </Glyph>
          <Glyph id="w2314g6">
            <Coords points="834,1765 841,1765 841,1835 834,1835"/>
            <TextEquiv index="1" conf="0.9997682154178618">
              <Unicode>,</Unicode>
            </TextEquiv>
          </Glyph>
          <TextEquiv index="1" conf="0.9997338615553263">
            <Unicode>machen,</Unicode>
          </TextEquiv>
        </Word>
        <Word id="w2315">
          <Coords points="868,1765 923,1765 923,1835 868,1835"/>
          <Glyph id="w2315g0">
            <Coords points="868,1765 875,1765 875,1835 868,1835"/>
            <TextEquiv index="1" conf="0.999999952316284">
              <Unicode>d</Unicode>
            </TextEquiv>
          </Glyph>
          <Glyph id="w2315g1">
            <Coords points="895,1765 902,1765 902,1835 895,1835"/>
            <TextEquiv index="1" conf="0.9999998331069946">
              <Unicode>i</Unicode>
            </TextEquiv>
          </Glyph>
          <Glyph id="w2315g2">
            <Coords points="916,1765 923,1765 923,1835 916,1835"/>
            <TextEquiv index="1" conf="0.9999996781349182">
              <Unicode>e</Unicode>
            </TextEquiv>
          </Glyph>
          <TextEquiv index="1" conf="0.9999994635582738">
            <Unicode>die</Unicode>
          </TextEquiv>
        </Word>
        <Word id="w2316">
          <Coords points="963,1765 1059,1765 1059,1835 963,1835"/>
          <Glyph id="w2316g0">
            <Coords points="963,1765 963,1765 963,1835 963,1835"/>
            <TextEquiv index="1" conf="0.9999998092651367">
              <Unicode>e</Unicode>
            </TextEquiv>
          </Glyph>
          <Glyph id="w2316g1">
            <Coords points="991,1765 991,1765 991,1835 991,1835"/>
            <TextEquiv index="1" conf="0.999990701675415">
              <Unicode>t</Unicode>
            </TextEquiv>
          </Glyph>
          <Glyph id="w2316g2">
            <Coords points="1011,1765 1011,1765 1011,1835 1011,1835"/>
            <TextEquiv index="1" conf="0.9999974489212036">
              <Unicode>w</Unicode>
            </TextEquiv>
          </Glyph>
          <Glyph id="w2316g3">
            <Coords points="1059,1765 1059,1765 1059,1835 1059,1835"/>
            <TextEquiv index="1" conf="0.9999910354614259">
              <Unicode>a</Unicode>
            </TextEquiv>
          </Glyph>
          <TextEquiv index="1" conf="0.999978995457096">
            <Unicode>etwa</Unicode>
          </TextEquiv>
        </Word>
        <Word id="w2317">
          <Coords points="1106,1765 1161,1765 1161,1835 1106,1835"/>
          <Glyph id="w2317g0">
            <Coords points="1106,1765 1113,1765 1113,1835 1106,1835"/>
            <TextEquiv index="1" conf="0.9999999046325683">
              <Unicode>d</Unicode>
            </TextEquiv>
          </Glyph>
          <Glyph id="w2317g1">
            <Coords points="1134,1765 1140,1765 1140,1835 1134,1835"/>
            <TextEquiv index="1" conf="0.9999989867210387">
              <Unicode>i</Unicode>
            </TextEquiv>
          </Glyph>
          <Glyph id="w2317g2">
            <Coords points="1154,1765 1161,1765 1161,1835 1154,1835"/>
            <TextEquiv index="1" conf="0.9999981999397277">
              <Unicode>e</Unicode>
            </TextEquiv>
          </Glyph>
          <TextEquiv index="1" conf="0.9999970912954269">
            <Unicode>die</Unicode>
          </TextEquiv>
        </Word>
        <Word id="w2318">
          <Coords points="1202,1765 1453,1765 1453,1835 1202,1835"/>
          <Glyph id="w2318g0">
            <Coords points="1202,1765 1215,1765 1215,1835 1202,1835"/>
            <TextEquiv index="1" conf="0.9999803304672241">
              <Unicode>K</Unicode>
            </TextEquiv>
          </Glyph>
          <Glyph id="w2318g1">
            <Coords points="1242,1765 1256,1765 1256,1835 1242,1835"/>
            <TextEquiv index="1" conf="0.9999897956848145">
              <Unicode>a</Unicode>
            </TextEquiv>
          </Glyph>
          <Glyph id="w2318g2">
            <Coords points="1276,1765 1283,1765 1283,1835 1276,1835"/>
            <TextEquiv index="1" conf="0.9839196622371675">
              <Unicode>b</Unicode>
            </TextEquiv>
          </Glyph>
          <Glyph id="w2318g3">
            <Coords points="1310,1765 1310,1765 1310,1835 1310,1835"/>
            <TextEquiv index="1" conf="0.9999974250793457">
              <Unicode>i</Unicode>
            </TextEquiv>
          </Glyph>
          <Glyph id="w2318g4">
            <Coords points="1324,1765 1331,1765 1331,1835 1324,1835"/>
            <TextEquiv index="1" conf="0.9999849796295167">
              <Unicode>n</Unicode>
            </TextEquiv>
          </Glyph>
          <Glyph id="w2318g5">
            <Coords points="1358,1765 1365,1765 1365,1835 1358,1835"/>
            <TextEquiv index="1" conf="0.9999593615531921">
              <Unicode>e</Unicode>
            </TextEquiv>
          </Glyph>
          <Glyph id="w2318g6">
            <Coords points="1385,1765 1385,1765 1385,1835 1385,1835"/>
            <TextEquiv index="1" conf="0.9999715745449066">
              <Unicode>t</Unicode>
            </TextEquiv>
          </Glyph>
          <Glyph id="w2318g7">
            <Coords points="1406,1765 1413,1765 1413,1835 1406,1835"/>
            <TextEquiv index="1" conf="0.9996048569679261">
              <Unicode>t</Unicode>
            </TextEquiv>
          </Glyph>
          <Glyph id="w2318g8">
            <Coords points="1426,1765 1426,1765 1426,1835 1426,1835"/>
            <TextEquiv index="1" conf="0.9999972581863402">
              <Unicode>e</Unicode>
            </TextEquiv>
          </Glyph>
          <Glyph id="w2318g9">
            <Coords points="1447,1765 1453,1765 1453,1835 1447,1835"/>
            <TextEquiv index="1" conf="0.9999863862991333">
              <Unicode>r</Unicode>
            </TextEquiv>
          </Glyph>
          <TextEquiv index="1" conf="0.9834001802655183">
            <Unicode>Kabinetter</Unicode>
          </TextEquiv>
        </Word>
        <Word id="w2319">
          <Coords points="1494,1765 1698,1765 1698,1835 1494,1835"/>
          <Glyph id="w2319g0">
            <Coords points="1494,1765 1501,1765 1501,1835 1494,1835"/>
            <TextEquiv index="1" conf="0.9999994397163391">
              <Unicode>b</Unicode>
            </TextEquiv>
          </Glyph>
          <Glyph id="w2319g1">
            <Coords points="1528,1765 1535,1765 1535,1835 1528,1835"/>
            <TextEquiv index="1" conf="0.9999986052513122">
              <Unicode>e</Unicode>
            </TextEquiv>
          </Glyph>
          <Glyph id="w2319g2">
            <Coords points="1549,1765 1555,1765 1555,1835 1549,1835"/>
            <TextEquiv index="1" conf="0.9999974727630614">
              <Unicode>g</Unicode>
            </TextEquiv>
          </Glyph>
          <Glyph id="w2319g3">
            <Coords points="1576,1765 1583,1765 1583,1835 1576,1835"/>
            <TextEquiv index="1" conf="0.999999451637268">
              <Unicode>e</Unicode>
            </TextEquiv>
          </Glyph>
          <Glyph id="w2319g4">
            <Coords points="1596,1765 1603,1765 1603,1835 1596,1835"/>
            <TextEquiv index="1" conf="0.9999703824520112">
              <Unicode>h</Unicode>
            </TextEquiv>
          </Glyph>
          <Glyph id="w2319g5">
            <Coords points="1630,1765 1637,1765 1637,1835 1630,1835"/>
            <TextEquiv index="1" conf="0.9999942302703858">
              <Unicode>e</Unicode>
            </TextEquiv>
          </Glyph>
          <Glyph id="w2319g6">
            <Coords points="1657,1765 1664,1765 1664,1835 1657,1835"/>
            <TextEquiv index="1" conf="0.9999402463436128">
              <Unicode>n</Unicode>
            </TextEquiv>
          </Glyph>
          <Glyph id="w2319g7">
            <Coords points="1691,1765 1698,1765 1698,1835 1691,1835"/>
            <TextEquiv index="1" conf="0.9977098047733306">
              <Unicode>,</Unicode>
            </TextEquiv>
          </Glyph>
          <TextEquiv index="1" conf="0.9976098653855958">
            <Unicode>begehen,</Unicode>
          </TextEquiv>
        </Word>
        <Word id="w2320">
          <Coords points="1732,1765 1834,1765 1834,1835 1732,1835"/>
          <Glyph id="w2320g0">
            <Coords points="1732,1765 1739,1765 1739,1835 1732,1835"/>
            <TextEquiv index="1" conf="0.999997866153717">
              <Unicode>u</Unicode>
            </TextEquiv>
          </Glyph>
          <Glyph id="w2320g1">
            <Coords points="1766,1765 1773,1765 1773,1835 1766,1835"/>
            <TextEquiv index="1" conf="0.9999999403953552">
              <Unicode>n</Unicode>
            </TextEquiv>
          </Glyph>
          <Glyph id="w2320g2">
            <Coords points="1800,1765 1807,1765 1807,1835 1800,1835"/>
            <TextEquiv index="1" conf="0.9999999523162841">
              <Unicode>d</Unicode>
            </TextEquiv>
          </Glyph>
          <Glyph id="w2320g3">
            <Coords points="1828,1765 1834,1765 1834,1835 1828,1835"/>
            <TextEquiv index="1" conf="0.9984799861907959">
              <Unicode>.</Unicode>
            </TextEquiv>
          </Glyph>
          <TextEquiv index="1" conf="0.9984777484629394">
            <Unicode>und.</Unicode>
          </TextEquiv>
        </Word>
        <TextEquiv index="1" conf="0.9995649471879008">
          <Unicode>ʒu machen, die etwa die Kabinetter begehen, und.</Unicode>
        </TextEquiv>
      </TextLine>
      <TextLine id="r1_l018">
        <Coords points="689,1924 690,1923 690,1921 691,1920 1720,1920 1720,1900 1721,1899 1787,1899 1788,1898 1810,1898 1811,1897 1812,1897 1813,1896 1813,1894 1814,1893 1813,1892 1813,1891 1811,1889 1811,1888 1811,1887 1803,1887 1802,1887 1802,1855 1801,1853 1800,1853 1799,1853 1799,1847 1799,1846 1798,1846 1797,1845 1746,1845 1745,1844 1498,1844 1497,1845 887,1845 886,1846 886,1849 875,1849 874,1850 873,1850 872,1851 871,1851 870,1852 742,1852 740,1854 739,1854 737,1856 734,1856 732,1858 732,1866 570,1866 569,1867 568,1867 566,1869 566,1870 565,1871 565,1872 564,1873 564,1876 565,1877 565,1879 566,1880 566,1896 567,1897 567,1898 569,1899 573,1899 574,1900 575,1900 575,1901 575,1902 576,1902 577,1902 578,1903 611,1903 612,1904 687,1904 687,1905 687,1924 688,1924 689,1924"/>
        <Word id="w2321">
          <Coords points="569,1844 643,1844 643,1924 569,1924"/>
          <Glyph id="w2321g0">
            <Coords points="569,1844 577,1844 577,1924 569,1924"/>
            <TextEquiv index="1" conf="0.9999964714050293">
              <Unicode>v</Unicode>
            </TextEquiv>
          </Glyph>
          <Glyph id="w2321g1">
            <Coords points="606,1844 613,1844 613,1924 606,1924"/>
            <TextEquiv index="1" conf="0.999992322921753">
              <Unicode>o</Unicode>
            </TextEquiv>
          </Glyph>
          <Glyph id="w2321g2">
            <Coords points="635,1844 643,1844 643,1924 635,1924"/>
            <TextEquiv index="1" conf="0.9999993443489075">
              <Unicode>r</Unicode>
            </TextEquiv>
          </Glyph>
          <TextEquiv index="1" conf="0.9999881387101262">
            <Unicode>vor</Unicode>
          </TextEquiv>
        </Word>
        <Word id="w2322">
          <Coords points="701,1844 782,1844 782,1924 701,1924"/>
          <Glyph id="w2322g0">
            <Coords points="701,1844 708,1844 708,1924 701,1924"/>
            <TextEquiv index="1" conf="0.9999983668327331">
              <Unicode>a</Unicode>
            </TextEquiv>
          </Glyph>
          <Glyph id="w2322g1">
            <Coords points="730,1844 738,1844 738,1924 730,1924"/>
            <TextEquiv index="1" conf="0.9999919176101685">
              <Unicode>c</Unicode>
            </TextEquiv>
          </Glyph>
          <Glyph id="w2322g2">
            <Coords points="745,1844 752,1844 752,1924 745,1924"/>
            <TextEquiv index="1" conf="0.9999885320663452">
              <Unicode>h</Unicode>
            </TextEquiv>
          </Glyph>
          <Glyph id="w2322g3">
            <Coords points="774,1844 782,1844 782,1924 774,1924"/>
            <TextEquiv index="1" conf="0.9999721348285675">
              <Unicode>t</Unicode>
            </TextEquiv>
          </Glyph>
          <TextEquiv index="1" conf="0.9999509520527096">
            <Unicode>acht</Unicode>
          </TextEquiv>
        </Word>
        <Word id="w2323">
          <Coords points="833,1844 913,1844 913,1924 833,1924"/>
          <Glyph id="w2323g0">
            <Coords points="833,1844 840,1844 840,1924 833,1924"/>
            <TextEquiv index="1" conf="0.9997908651828766">
              <Unicode>U</Unicode>
            </TextEquiv>
          </Glyph>
          <Glyph id="w2323g1">
            <Coords points="877,1844 884,1844 884,1924 877,1924"/>
            <TextEquiv index="1" conf="0.9999771356582643">
              <Unicode>h</Unicode>
            </TextEquiv>
          </Glyph>
          <Glyph id="w2323g2">
            <Coords points="906,1844 913,1844 913,1924 906,1924"/>
            <TextEquiv index="1" conf="0.999995231628418">
              <Unicode>r</Unicode>
            </TextEquiv>
          </Glyph>
          <TextEquiv index="1" conf="0.9997632383575242">
            <Unicode>Uhr</Unicode>
          </TextEquiv>
        </Word>
        <Word id="w2324">
          <Coords points="979,1844 1133,1844 1133,1924 979,1924"/>
          <Glyph id="w2324g0">
            <Coords points="979,1844 986,1844 986,1924 979,1924"/>
            <TextEquiv index="1" conf="0.9999874591827391">
              <Unicode>k</Unicode>
            </TextEquiv>
          </Glyph>
          <Glyph id="w2324g1">
            <Coords points="1001,1844 1008,1844 1008,1924 1001,1924"/>
            <TextEquiv index="1" conf="0.9999891519546508">
              <Unicode>ö</Unicode>
            </TextEquiv>
          </Glyph>
          <Glyph id="w2324g2">
            <Coords points="1038,1844 1038,1844 1038,1924 1038,1924"/>
            <TextEquiv index="1" conf="0.9998697817325592">
              <Unicode>m</Unicode>
            </TextEquiv>
          </Glyph>
          <Glyph id="w2324g3">
            <Coords points="1082,1844 1089,1844 1089,1924 1082,1924"/>
            <TextEquiv index="1" conf="0.9997567713260651">
              <Unicode>m</Unicode>
            </TextEquiv>
          </Glyph>
          <Glyph id="w2324g4">
            <Coords points="1133,1844 1133,1844 1133,1924 1133,1924"/>
            <TextEquiv index="1" conf="0.9992366671562195">
              <Unicode>t</Unicode>
            </TextEquiv>
          </Glyph>
          <TextEquiv index="1" conf="0.9988401747816565">
            <Unicode>kömmt</Unicode>
          </TextEquiv>
        </Word>
        <Word id="w2325">
          <Coords points="1191,1844 1221,1844 1221,1924 1191,1924"/>
          <Glyph id="w2325g0">
            <Coords points="1191,1844 1191,1844 1191,1924 1191,1924"/>
            <TextEquiv index="1" conf="0.9999978423118593">
              <Unicode>e</Unicode>
            </TextEquiv>
          </Glyph>
          <Glyph id="w2325g1">
            <Coords points="1213,1844 1221,1844 1221,1924 1213,1924"/>
            <TextEquiv index="1" conf="0.9999954700469971">
              <Unicode>r</Unicode>
            </TextEquiv>
          </Glyph>
          <TextEquiv index="1" conf="0.9999933123686305">
            <Unicode>er</Unicode>
          </TextEquiv>
        </Word>
        <Word id="w2326">
          <Coords points="1279,1844 1389,1844 1389,1924 1279,1924"/>
          <Glyph id="w2326g0">
            <Coords points="1279,1844 1286,1844 1286,1924 1279,1924"/>
            <TextEquiv index="1" conf="0.9985542833805083">
              <Unicode>ſ</Unicode>
            </TextEquiv>
          </Glyph>
          <Glyph id="w2326g1">
            <Coords points="1301,1844 1301,1844 1301,1924 1301,1924"/>
            <TextEquiv index="1" conf="0.9999975323677062">
              <Unicode>e</Unicode>
            </TextEquiv>
          </Glyph>
          <Glyph id="w2326g2">
            <Coords points="1323,1844 1323,1844 1323,1924 1323,1924"/>
            <TextEquiv index="1" conf="0.999900358915329">
              <Unicode>l</Unicode>
            </TextEquiv>
          </Glyph>
          <Glyph id="w2326g3">
            <Coords points="1338,1844 1345,1844 1345,1924 1338,1924"/>
            <TextEquiv index="1" conf="0.9999763190746307">
              <Unicode>t</Unicode>
            </TextEquiv>
          </Glyph>
          <Glyph id="w2326g4">
            <Coords points="1360,1844 1367,1844 1367,1924 1360,1924"/>
            <TextEquiv index="1" conf="0.9999966382980346">
              <Unicode>e</Unicode>
            </TextEquiv>
          </Glyph>
          <Glyph id="w2326g5">
            <Coords points="1389,1844 1389,1844 1389,1924 1389,1924"/>
            <TextEquiv index="1" conf="0.9999976754188538">
              <Unicode>n</Unicode>
            </TextEquiv>
          </Glyph>
          <TextEquiv index="1" conf="0.998423000914071">
            <Unicode>ſelten</Unicode>
          </TextEquiv>
        </Word>
        <Word id="w2327">
          <Coords points="1455,1844 1601,1844 1601,1924 1455,1924"/>
          <Glyph id="w2327g0">
            <Coords points="1455,1844 1462,1844 1462,1924 1455,1924"/>
            <TextEquiv index="1" conf="0.9999962687492371">
              <Unicode>w</Unicode>
            </TextEquiv>
          </Glyph>
          <Glyph id="w2327g1">
            <Coords points="1506,1844 1506,1844 1506,1924 1506,1924"/>
            <TextEquiv index="1" conf="0.9999897599220275">
              <Unicode>i</Unicode>
            </TextEquiv>
          </Glyph>
          <Glyph id="w2327g2">
            <Coords points="1521,1844 1528,1844 1528,1924 1521,1924"/>
            <TextEquiv index="1" conf="0.9999935388565063">
              <Unicode>e</Unicode>
            </TextEquiv>
          </Glyph>
          <Glyph id="w2327g3">
            <Coords points="1542,1844 1550,1844 1550,1924 1542,1924"/>
            <TextEquiv index="1" conf="0.9999974966049194">
              <Unicode>d</Unicode>
            </TextEquiv>
          </Glyph>
          <Glyph id="w2327g4">
            <Coords points="1572,1844 1579,1844 1579,1924 1572,1924"/>
            <TextEquiv index="1" conf="0.9999952912330626">
              <Unicode>e</Unicode>
            </TextEquiv>
          </Glyph>
          <Glyph id="w2327g5">
            <Coords points="1594,1844 1601,1844 1601,1924 1594,1924"/>
            <TextEquiv index="1" conf="0.9999968409538268">
              <Unicode>r</Unicode>
            </TextEquiv>
          </Glyph>
          <TextEquiv index="1" conf="0.9999691966945374">
            <Unicode>wieder</Unicode>
          </TextEquiv>
        </Word>
        <Word id="w2328">
          <Coords points="1652,1844 1820,1844 1820,1924 1652,1924"/>
          <Glyph id="w2328g0">
            <Coords points="1652,1844 1660,1844 1660,1924 1652,1924"/>
            <TextEquiv index="1" conf="0.9999727427959442">
              <Unicode>ʒ</Unicode>
            </TextEquiv>
          </Glyph>
          <Glyph id="w2328g1">
            <Coords points="1681,1844 1681,1844 1681,1924 1681,1924"/>
            <TextEquiv index="1" conf="0.9999455392360687">
              <Unicode>u</Unicode>
            </TextEquiv>
          </Glyph>
          <Glyph id="w2328g2">
            <Coords points="1711,1844 1718,1844 1718,1924 1711,1924"/>
            <TextEquiv index="1" conf="0.9999891519546508">
              <Unicode>r</Unicode>
            </TextEquiv>
          </Glyph>
          <Glyph id="w2328g3">
            <Coords points="1733,1844 1740,1844 1740,1924 1733,1924"/>
            <TextEquiv index="1" conf="0.9995262026786805">
              <Unicode>ü</Unicode>
            </TextEquiv>
          </Glyph>
          <Glyph id="w2328g4">
            <Coords points="1769,1844 1777,1844 1777,1924 1769,1924"/>
            <TextEquiv index="1" conf="0.9999995827674864">
              <Unicode>c</Unicode>
            </TextEquiv>
          </Glyph>
          <Glyph id="w2328g5">
            <Coords points="1791,1844 1799,1844 1799,1924 1791,1924"/>
            <TextEquiv index="1" conf="0.9999918460845948">
              <Unicode>k</Unicode>
            </TextEquiv>
          </Glyph>
          <Glyph id="w2328g6">
            <Coords points="1813,1844 1820,1844 1820,1924 1813,1924"/>
            <TextEquiv index="1" conf="0.999396413564682">
              <Unicode>.</Unicode>
            </TextEquiv>
          </Glyph>
          <TextEquiv index="1" conf="0.998821877158634">
            <Unicode>ʒurück.</Unicode>
          </TextEquiv>
        </Word>
        <TextEquiv index="1" conf="0.9998859455419142">
          <Unicode>vor acht Uhr kömmt er ſelten wieder ʒurück.</Unicode>
        </TextEquiv>
      </TextLine>
      <TextLine id="r1_l019">
        <Coords points="781,1989 782,1988 783,1988 785,1986 785,1985 786,1984 787,1984 788,1983 789,1983 790,1982 790,1981 791,1980 960,1980 961,1981 962,1980 1038,1980 1038,1981 1038,1986 1040,1987 1086,1987 1087,1988 1089,1988 1091,1986 1092,1986 1092,1985 1093,1984 1093,1983 1094,1982 1094,1980 1096,1978 1179,1978 1181,1976 1305,1976 1307,1978 1308,1978 1308,1979 1308,1980 1309,1981 1309,1982 1310,1982 1317,1982 1317,1983 1317,1987 1318,1987 1319,1987 1320,1988 1388,1988 1389,1987 1389,1976 1390,1975 1470,1975 1470,1976 1470,1979 1471,1980 1471,1985 1472,1985 1473,1985 1474,1986 1476,1984 1476,1974 1477,1973 1552,1973 1553,1974 1577,1974 1577,1975 1577,1983 1579,1984 1581,1984 1582,1983 1583,1983 1584,1982 1585,1982 1586,1981 1586,1979 1587,1978 1587,1976 1589,1974 1666,1974 1667,1975 1687,1975 1688,1976 1731,1976 1732,1977 1807,1977 1811,1973 1811,1972 1812,1971 1812,1970 1813,1969 1814,1969 1815,1968 1815,1967 1816,1966 1816,1945 1817,1944 1817,1938 1815,1936 1815,1934 1813,1931 1789,1931 1788,1931 1788,1928 1785,1924 1722,1924 1721,1924 1721,1922 1720,1920 1717,1920 1716,1921 1716,1925 1712,1925 1711,1926 1710,1926 1709,1927 1709,1939 1584,1939 1583,1939 1583,1927 1580,1923 1576,1923 1573,1926 1484,1926 1483,1925 1424,1925 1422,1923 1418,1923 1417,1922 1416,1922 1415,1921 1413,1923 1401,1923 1398,1926 1327,1926 1326,1927 1324,1927 1323,1928 1321,1928 1320,1929 1319,1929 1318,1930 1316,1930 1314,1932 1314,1941 1279,1941 1278,1942 1253,1942 1252,1943 1237,1943 1236,1944 1110,1944 1109,1944 1109,1942 1109,1941 1090,1941 1089,1941 1089,1934 1088,1932 1086,1932 1085,1931 1084,1931 1083,1930 1082,1930 1081,1931 1079,1931 1078,1932 997,1932 996,1933 995,1933 994,1934 993,1934 991,1936 990,1936 989,1937 988,1937 987,1938 987,1939 986,1940 986,1945 985,1946 867,1946 866,1946 866,1934 864,1931 791,1931 790,1932 778,1932 777,1933 775,1933 774,1934 728,1934 727,1935 726,1935 725,1936 724,1936 723,1937 722,1937 718,1941 718,1943 717,1944 717,1949 610,1949 608,1948 608,1943 603,1937 602,1937 601,1936 599,1936 598,1935 560,1935 559,1934 558,1934 557,1933 556,1933 555,1932 554,1932 553,1931 552,1931 550,1933 550,1934 549,1935 549,1939 550,1939 559,1939 561,1941 565,1941 565,1942 565,1955 566,1956 566,1978 567,1979 567,1980 569,1981 571,1981 573,1983 575,1983 576,1984 578,1984 579,1985 580,1984 604,1984 605,1983 607,1983 608,1982 674,1982 675,1981 770,1981 770,1982 770,1984 771,1985 771,1987 774,1989 781,1989"/>
        <Word id="w2329">
          <Coords points="577,1920 665,1920 665,1989 577,1989"/>
          <Glyph id="w2329g0">
            <Coords points="577,1920 584,1920 584,1989 577,1989"/>
            <TextEquiv index="1" conf="0.9998905539512634">
              <Unicode>N</Unicode>
            </TextEquiv>
          </Glyph>
          <Glyph id="w2329g1">
            <Coords points="628,1920 635,1920 635,1989 628,1989"/>
            <TextEquiv index="1" conf="0.9999933958053588">
              <Unicode>u</Unicode>
            </TextEquiv>
          </Glyph>
          <Glyph id="w2329g2">
            <Coords points="665,1920 665,1920 665,1989 665,1989"/>
            <TextEquiv index="1" conf="0.9999944806098938">
              <Unicode>n</Unicode>
            </TextEquiv>
          </Glyph>
          <TextEquiv index="1" conf="0.9998784317298416">
            <Unicode>Nun</Unicode>
          </TextEquiv>
        </Word>
        <Word id="w2330">
          <Coords points="723,1920 782,1920 782,1989 723,1989"/>
          <Glyph id="w2330g0">
            <Coords points="723,1920 731,1920 731,1989 723,1989"/>
            <TextEquiv index="1" conf="0.9999985456466673">
              <Unicode>l</Unicode>
            </TextEquiv>
          </Glyph>
          <Glyph id="w2330g1">
            <Coords points="745,1920 753,1920 753,1989 745,1989"/>
            <TextEquiv index="1" conf="0.9999965071678163">
              <Unicode>a</Unicode>
            </TextEquiv>
          </Glyph>
          <Glyph id="w2330g2">
            <Coords points="775,1920 782,1920 782,1989 775,1989"/>
            <TextEquiv index="1" conf="0.9988117873668672">
              <Unicode>ß</Unicode>
            </TextEquiv>
          </Glyph>
          <TextEquiv index="1" conf="0.9988068460647329">
            <Unicode>laß</Unicode>
          </TextEquiv>
        </Word>
        <Word id="w2331">
          <Coords points="841,1920 1002,1920 1002,1989 841,1989"/>
          <Glyph id="w2331g0">
            <Coords points="841,1920 848,1920 848,1989 841,1989"/>
            <TextEquiv index="1" conf="0.9999997615814208">
              <Unicode>e</Unicode>
            </TextEquiv>
          </Glyph>
          <Glyph id="w2331g1">
            <Coords points="870,1920 877,1920 877,1989 870,1989"/>
            <TextEquiv index="1" conf="0.999997591972351">
              <Unicode>i</Unicode>
            </TextEquiv>
          </Glyph>
          <Glyph id="w2331g2">
            <Coords points="885,1920 892,1920 892,1989 885,1989"/>
            <TextEquiv index="1" conf="0.9999908924102783">
              <Unicode>n</Unicode>
            </TextEquiv>
          </Glyph>
          <Glyph id="w2331g3">
            <Coords points="921,1920 921,1920 921,1989 921,1989"/>
            <TextEquiv index="1" conf="0.9995233595371247">
              <Unicode>m</Unicode>
            </TextEquiv>
          </Glyph>
          <Glyph id="w2331g4">
            <Coords points="965,1920 973,1920 973,1989 965,1989"/>
            <TextEquiv index="1" conf="0.9999972581863402">
              <Unicode>a</Unicode>
            </TextEquiv>
          </Glyph>
          <Glyph id="w2331g5">
            <Coords points="995,1920 1002,1920 1002,1989 995,1989"/>
            <TextEquiv index="1" conf="0.9999723553657531">
              <Unicode>l</Unicode>
            </TextEquiv>
          </Glyph>
          <TextEquiv index="1" conf="0.9994812395965448">
            <Unicode>einmal</Unicode>
          </TextEquiv>
        </Word>
        <Word id="w2332">
          <Coords points="1046,1920 1185,1920 1185,1989 1046,1989"/>
          <Glyph id="w2332g0">
            <Coords points="1046,1920 1053,1920 1053,1989 1046,1989"/>
            <TextEquiv index="1" conf="0.9995718598365783">
              <Unicode>ſ</Unicode>
            </TextEquiv>
          </Glyph>
          <Glyph id="w2332g1">
            <Coords points="1061,1920 1068,1920 1068,1989 1061,1989"/>
            <TextEquiv index="1" conf="0.9999977469444274">
              <Unicode>e</Unicode>
            </TextEquiv>
          </Glyph>
          <Glyph id="w2332g2">
            <Coords points="1083,1920 1090,1920 1090,1989 1083,1989"/>
            <TextEquiv index="1" conf="0.999985134601593">
              <Unicode>h</Unicode>
            </TextEquiv>
          </Glyph>
          <Glyph id="w2332g3">
            <Coords points="1119,1920 1119,1920 1119,1989 1119,1989"/>
            <TextEquiv index="1" conf="0.9999858856201171">
              <Unicode>e</Unicode>
            </TextEquiv>
          </Glyph>
          <Glyph id="w2332g4">
            <Coords points="1141,1920 1141,1920 1141,1989 1141,1989"/>
            <TextEquiv index="1" conf="0.9999763369560243">
              <Unicode>n</Unicode>
            </TextEquiv>
          </Glyph>
          <Glyph id="w2332g5">
            <Coords points="1185,1920 1185,1920 1185,1989 1185,1989"/>
            <TextEquiv index="1" conf="0.9999275803565979">
              <Unicode>:</Unicode>
            </TextEquiv>
          </Glyph>
          <TextEquiv index="1" conf="0.9994446038117222">
            <Unicode>ſehen:</Unicode>
          </TextEquiv>
        </Word>
        <Word id="w2333">
          <Coords points="1244,1920 1332,1920 1332,1989 1244,1989"/>
          <Glyph id="w2333g0">
            <Coords points="1244,1920 1251,1920 1251,1989 1244,1989"/>
            <TextEquiv index="1" conf="0.9999942183494568">
              <Unicode>n</Unicode>
            </TextEquiv>
          </Glyph>
          <Glyph id="w2333g1">
            <Coords points="1281,1920 1281,1920 1281,1989 1281,1989"/>
            <TextEquiv index="1" conf="0.9999831199645997">
              <Unicode>a</Unicode>
            </TextEquiv>
          </Glyph>
          <Glyph id="w2333g2">
            <Coords points="1310,1920 1317,1920 1317,1989 1310,1989"/>
            <TextEquiv index="1" conf="0.999946242570877">
              <Unicode>c</Unicode>
            </TextEquiv>
          </Glyph>
          <Glyph id="w2333g3">
            <Coords points="1325,1920 1332,1920 1332,1989 1325,1989"/>
            <TextEquiv index="1" conf="0.999991500377655">
              <Unicode>h</Unicode>
            </TextEquiv>
          </Glyph>
          <TextEquiv index="1" conf="0.9999150832279342">
            <Unicode>nach</Unicode>
          </TextEquiv>
        </Word>
        <Word id="w2334">
          <Coords points="1391,1920 1486,1920 1486,1989 1391,1989"/>
          <Glyph id="w2334g0">
            <Coords points="1391,1920 1398,1920 1398,1989 1391,1989"/>
            <TextEquiv index="1" conf="0.9787859380245209">
              <Unicode>f</Unicode>
            </TextEquiv>
          </Glyph>
          <Glyph id="w2334g1">
            <Coords points="1413,1920 1413,1920 1413,1989 1413,1989"/>
            <TextEquiv index="1" conf="0.9999831676483155">
              <Unicode>ü</Unicode>
            </TextEquiv>
          </Glyph>
          <Glyph id="w2334g2">
            <Coords points="1442,1920 1449,1920 1449,1989 1442,1989"/>
            <TextEquiv index="1" conf="0.9982544898986817">
              <Unicode>n</Unicode>
            </TextEquiv>
          </Glyph>
          <Glyph id="w2334g3">
            <Coords points="1479,1920 1486,1920 1486,1989 1479,1989"/>
            <TextEquiv index="1" conf="0.9998924791812898">
              <Unicode>f</Unicode>
            </TextEquiv>
          </Glyph>
          <TextEquiv index="1" conf="0.9769559563714788">
            <Unicode>fünf</Unicode>
          </TextEquiv>
        </Word>
        <Word id="w2335">
          <Coords points="1537,1920 1611,1920 1611,1989 1537,1989"/>
          <Glyph id="w2335g0">
            <Coords points="1537,1920 1545,1920 1545,1989 1537,1989"/>
            <TextEquiv index="1" conf="0.9999268293380736">
              <Unicode>U</Unicode>
            </TextEquiv>
          </Glyph>
          <Glyph id="w2335g1">
            <Coords points="1574,1920 1581,1920 1581,1989 1574,1989"/>
            <TextEquiv index="1" conf="0.9999498903751374">
              <Unicode>h</Unicode>
            </TextEquiv>
          </Glyph>
          <Glyph id="w2335g2">
            <Coords points="1611,1920 1611,1920 1611,1989 1611,1989"/>
            <TextEquiv index="1" conf="0.9999995946884154">
              <Unicode>r</Unicode>
            </TextEquiv>
          </Glyph>
          <TextEquiv index="1" conf="0.9998763181181463">
            <Unicode>Uhr</Unicode>
          </TextEquiv>
        </Word>
        <Word id="w2336">
          <Coords points="1669,1920 1809,1920 1809,1989 1669,1989"/>
          <Glyph id="w2336g0">
            <Coords points="1669,1920 1677,1920 1677,1989 1669,1989"/>
            <TextEquiv index="1" conf="0.9999977111816407">
              <Unicode>w</Unicode>
            </TextEquiv>
          </Glyph>
          <Glyph id="w2336g1">
            <Coords points="1721,1920 1721,1920 1721,1989 1721,1989"/>
            <TextEquiv index="1" conf="0.9999974966049195">
              <Unicode>i</Unicode>
            </TextEquiv>
          </Glyph>
          <Glyph id="w2336g2">
            <Coords points="1735,1920 1743,1920 1743,1989 1735,1989"/>
            <TextEquiv index="1" conf="0.9999982595443726">
              <Unicode>r</Unicode>
            </TextEquiv>
          </Glyph>
          <Glyph id="w2336g3">
            <Coords points="1757,1920 1765,1920 1765,1989 1757,1989"/>
            <TextEquiv index="1" conf="0.9997793138027191">
              <Unicode>d</Unicode>
            </TextEquiv>
          </Glyph>
          <Glyph id="w2336g4">
            <Coords points="1787,1920 1794,1920 1794,1989 1787,1989"/>
            <TextEquiv index="1" conf="0.9999858260154725">
              <Unicode>'</Unicode>
            </TextEquiv>
          </Glyph>
          <Glyph id="w2336g5">
            <Coords points="1802,1920 1809,1920 1809,1989 1802,1989"/>
            <TextEquiv index="1" conf="0.9999042093753815">
              <Unicode>s</Unicode>
            </TextEquiv>
          </Glyph>
          <TextEquiv index="1" conf="0.9996628443235434">
            <Unicode>wird's</Unicode>
          </TextEquiv>
        </Word>
        <TextEquiv index="1" conf="0.9993758218629021">
          <Unicode>Nun laß einmal ſehen: nach fünf Uhr wird's</Unicode>
        </TextEquiv>
      </TextLine>
      <TextLine id="r1_l020">
        <Coords points="566,2082 1816,2082 1816,2005 566,2005 566,2082"/>
        <Word id="w2337">
          <Coords points="571,2005 679,2005 679,2082 571,2082"/>
          <Glyph id="w2337g0">
            <Coords points="571,2005 585,2005 585,2082 571,2082"/>
            <TextEquiv index="1" conf="0.9999453604221344">
              <Unicode>ʒ</Unicode>
            </TextEquiv>
          </Glyph>
          <Glyph id="w2337g1">
            <Coords points="600,2005 607,2005 607,2082 600,2082"/>
            <TextEquiv index="1" conf="0.9997265994548798">
              <Unicode>w</Unicode>
            </TextEquiv>
          </Glyph>
          <Glyph id="w2337g2">
            <Coords points="643,2005 650,2005 650,2082 643,2082"/>
            <TextEquiv index="1" conf="0.9999881029129027">
              <Unicode>a</Unicode>
            </TextEquiv>
          </Glyph>
          <Glyph id="w2337g3">
            <Coords points="672,2005 679,2005 679,2082 672,2082"/>
            <TextEquiv index="1" conf="0.9999950408935547">
              <Unicode>r</Unicode>
            </TextEquiv>
          </Glyph>
          <TextEquiv index="1" conf="0.9996551242101976">
            <Unicode>ʒwar</Unicode>
          </TextEquiv>
        </Word>
        <Word id="w2338">
          <Coords points="722,2005 816,2005 816,2082 722,2082"/>
          <Glyph id="w2338g0">
            <Coords points="722,2005 722,2005 722,2082 722,2082"/>
            <TextEquiv index="1" conf="0.9999941349029541">
              <Unicode>ſ</Unicode>
            </TextEquiv>
          </Glyph>
          <Glyph id="w2338g1">
            <Coords points="737,2005 744,2005 744,2082 737,2082"/>
            <TextEquiv index="1" conf="0.9999988555908202">
              <Unicode>c</Unicode>
            </TextEquiv>
          </Glyph>
          <Glyph id="w2338g2">
            <Coords points="751,2005 758,2005 758,2082 751,2082"/>
            <TextEquiv index="1" conf="0.999999737739563">
              <Unicode>h</Unicode>
            </TextEquiv>
          </Glyph>
          <Glyph id="w2338g3">
            <Coords points="780,2005 787,2005 787,2082 780,2082"/>
            <TextEquiv index="1" conf="0.9999927639961242">
              <Unicode>o</Unicode>
            </TextEquiv>
          </Glyph>
          <Glyph id="w2338g4">
            <Coords points="808,2005 816,2005 816,2082 808,2082"/>
            <TextEquiv index="1" conf="0.9999976754188538">
              <Unicode>n</Unicode>
            </TextEquiv>
          </Glyph>
          <TextEquiv index="1" conf="0.9999831677432085">
            <Unicode>ſchon</Unicode>
          </TextEquiv>
        </Word>
        <Word id="w2339">
          <Coords points="873,2005 1039,2005 1039,2082 873,2082"/>
          <Glyph id="w2339g0">
            <Coords points="873,2005 873,2005 873,2082 873,2082"/>
            <TextEquiv index="1" conf="0.999997639656067">
              <Unicode>d</Unicode>
            </TextEquiv>
          </Glyph>
          <Glyph id="w2339g1">
            <Coords points="902,2005 909,2005 909,2082 902,2082"/>
            <TextEquiv index="1" conf="0.9999828100204466">
              <Unicode>u</Unicode>
            </TextEquiv>
          </Glyph>
          <Glyph id="w2339g2">
            <Coords points="931,2005 938,2005 938,2082 931,2082"/>
            <TextEquiv index="1" conf="0.9999982476234436">
              <Unicode>n</Unicode>
            </TextEquiv>
          </Glyph>
          <Glyph id="w2339g3">
            <Coords points="967,2005 967,2005 967,2082 967,2082"/>
            <TextEquiv index="1" conf="0.9999711692333221">
              <Unicode>k</Unicode>
            </TextEquiv>
          </Glyph>
          <Glyph id="w2339g4">
            <Coords points="988,2005 988,2005 988,2082 988,2082"/>
            <TextEquiv index="1" conf="0.9999995350837707">
              <Unicode>e</Unicode>
            </TextEquiv>
          </Glyph>
          <Glyph id="w2339g5">
            <Coords points="1010,2005 1017,2005 1017,2082 1010,2082"/>
            <TextEquiv index="1" conf="0.9999821066856386">
              <Unicode>l</Unicode>
            </TextEquiv>
          </Glyph>
          <Glyph id="w2339g6">
            <Coords points="1031,2005 1039,2005 1039,2082 1031,2082"/>
            <TextEquiv index="1" conf="0.9999527752399444">
              <Unicode>,</Unicode>
            </TextEquiv>
          </Glyph>
          <TextEquiv index="1" conf="0.999884288394733">
            <Unicode>dunkel,</Unicode>
          </TextEquiv>
        </Word>
        <Word id="w2340">
          <Coords points="1082,2005 1161,2005 1161,2082 1082,2082"/>
          <Glyph id="w2340g0">
            <Coords points="1082,2005 1089,2005 1089,2082 1082,2082"/>
            <TextEquiv index="1" conf="0.9999991178512573">
              <Unicode>o</Unicode>
            </TextEquiv>
          </Glyph>
          <Glyph id="w2340g1">
            <Coords points="1111,2005 1118,2005 1118,2082 1111,2082"/>
            <TextEquiv index="1" conf="0.9999437987804414">
              <Unicode>b</Unicode>
            </TextEquiv>
          </Glyph>
          <Glyph id="w2340g2">
            <Coords points="1139,2005 1154,2005 1154,2082 1139,2082"/>
            <TextEquiv index="1" conf="0.9995840311050415">
              <Unicode>'</Unicode>
            </TextEquiv>
          </Glyph>
          <Glyph id="w2340g3">
            <Coords points="1154,2005 1161,2005 1161,2082 1154,2082"/>
            <TextEquiv index="1" conf="0.9999791264533996">
              <Unicode>s</Unicode>
            </TextEquiv>
          </Glyph>
          <TextEquiv index="1" conf="0.9995061078583843">
            <Unicode>ob's</Unicode>
          </TextEquiv>
        </Word>
        <Word id="w2341">
          <Coords points="1211,2005 1298,2005 1298,2082 1211,2082"/>
          <Glyph id="w2341g0">
            <Coords points="1211,2005 1218,2005 1218,2082 1211,2082"/>
            <TextEquiv index="1" conf="0.9999986529350282">
              <Unicode>a</Unicode>
            </TextEquiv>
          </Glyph>
          <Glyph id="w2341g1">
            <Coords points="1240,2005 1247,2005 1247,2082 1240,2082"/>
            <TextEquiv index="1" conf="0.9999995470046996">
              <Unicode>b</Unicode>
            </TextEquiv>
          </Glyph>
          <Glyph id="w2341g2">
            <Coords points="1269,2005 1276,2005 1276,2082 1269,2082"/>
            <TextEquiv index="1" conf="0.9999990820884705">
              <Unicode>e</Unicode>
            </TextEquiv>
          </Glyph>
          <Glyph id="w2341g3">
            <Coords points="1298,2005 1298,2005 1298,2082 1298,2082"/>
            <TextEquiv index="1" conf="0.9999997615814208">
              <Unicode>r</Unicode>
            </TextEquiv>
          </Glyph>
          <TextEquiv index="1" conf="0.9999970436125297">
            <Unicode>aber</Unicode>
          </TextEquiv>
        </Word>
        <Word id="w2342">
          <Coords points="1341,2005 1384,2005 1384,2082 1341,2082"/>
          <Glyph id="w2342g0">
            <Coords points="1341,2005 1348,2005 1348,2082 1341,2082"/>
            <TextEquiv index="1" conf="0.9999953031539915">
              <Unicode>u</Unicode>
            </TextEquiv>
          </Glyph>
          <Glyph id="w2342g1">
            <Coords points="1377,2005 1384,2005 1384,2082 1377,2082"/>
            <TextEquiv index="1" conf="0.9999712407588959">
              <Unicode>m</Unicode>
            </TextEquiv>
          </Glyph>
          <TextEquiv index="1" conf="0.9999665440479651">
            <Unicode>um</Unicode>
          </TextEquiv>
        </Word>
        <Word id="w2343">
          <Coords points="1449,2005 1542,2005 1542,2082 1449,2082"/>
          <Glyph id="w2343g0">
            <Coords points="1449,2005 1456,2005 1456,2082 1449,2082"/>
            <TextEquiv index="1" conf="0.9997152864933013">
              <Unicode>ſ</Unicode>
            </TextEquiv>
          </Glyph>
          <Glyph id="w2343g1">
            <Coords points="1470,2005 1477,2005 1477,2082 1470,2082"/>
            <TextEquiv index="1" conf="0.9999593913555145">
              <Unicode>e</Unicode>
            </TextEquiv>
          </Glyph>
          <Glyph id="w2343g2">
            <Coords points="1492,2005 1499,2005 1499,2082 1492,2082"/>
            <TextEquiv index="1" conf="0.9999987840652466">
              <Unicode>c</Unicode>
            </TextEquiv>
          </Glyph>
          <Glyph id="w2343g3">
            <Coords points="1506,2005 1520,2005 1520,2082 1506,2082"/>
            <TextEquiv index="1" conf="0.9999988079071046">
              <Unicode>h</Unicode>
            </TextEquiv>
          </Glyph>
          <Glyph id="w2343g4">
            <Coords points="1535,2005 1542,2005 1542,2082 1535,2082"/>
            <TextEquiv index="1" conf="0.9996228456497193">
              <Unicode>s</Unicode>
            </TextEquiv>
          </Glyph>
          <TextEquiv index="1" conf="0.9992952514177279">
            <Unicode>ſechs</Unicode>
          </TextEquiv>
        </Word>
        <Word id="w2344">
          <Coords points="1585,2005 1664,2005 1664,2082 1585,2082"/>
          <Glyph id="w2344g0">
            <Coords points="1585,2005 1592,2005 1592,2082 1585,2082"/>
            <TextEquiv index="1" conf="0.9994187474250793">
              <Unicode>U</Unicode>
            </TextEquiv>
          </Glyph>
          <Glyph id="w2344g1">
            <Coords points="1628,2005 1636,2005 1636,2082 1628,2082"/>
            <TextEquiv index="1" conf="0.9999853849411011">
              <Unicode>h</Unicode>
            </TextEquiv>
          </Glyph>
          <Glyph id="w2344g2">
            <Coords points="1657,2005 1664,2005 1664,2082 1657,2082"/>
            <TextEquiv index="1" conf="0.9999905943870543">
              <Unicode>r</Unicode>
            </TextEquiv>
          </Glyph>
          <TextEquiv index="1" conf="0.9993947408526959">
            <Unicode>Uhr</Unicode>
          </TextEquiv>
        </Word>
        <Word id="w2345">
          <Coords points="1700,2005 1794,2005 1794,2082 1700,2082"/>
          <Glyph id="w2345g0">
            <Coords points="1700,2005 1707,2005 1707,2082 1700,2082"/>
            <TextEquiv index="1" conf="0.9997737109661101">
              <Unicode>ſ</Unicode>
            </TextEquiv>
          </Glyph>
          <Glyph id="w2345g1">
            <Coords points="1715,2005 1722,2005 1722,2082 1715,2082"/>
            <TextEquiv index="1" conf="0.9999723732471465">
              <Unicode>c</Unicode>
            </TextEquiv>
          </Glyph>
          <Glyph id="w2345g2">
            <Coords points="1729,2005 1736,2005 1736,2082 1729,2082"/>
            <TextEquiv index="1" conf="0.9999991416931152">
              <Unicode>h</Unicode>
            </TextEquiv>
          </Glyph>
          <Glyph id="w2345g3">
            <Coords points="1758,2005 1765,2005 1765,2082 1758,2082"/>
            <TextEquiv index="1" conf="0.9999412000179291">
              <Unicode>o</Unicode>
            </TextEquiv>
          </Glyph>
          <Glyph id="w2345g4">
            <Coords points="1787,2005 1794,2005 1794,2082 1787,2082"/>
            <TextEquiv index="1" conf="0.9999828219413758">
              <Unicode>n</Unicode>
            </TextEquiv>
          </Glyph>
          <TextEquiv index="1" conf="0.9996692747017973">
            <Unicode>ſchon</Unicode>
          </TextEquiv>
        </Word>
        <TextEquiv index="1" conf="0.9999254118888936">
          <Unicode>ʒwar ſchon dunkel, ob's aber um ſechs Uhr ſchon</Unicode>
        </TextEquiv>
      </TextLine>
      <TextLine id="r1_l021">
        <Coords points="566,2157 1817,2157 1817,2082 566,2082 566,2157"/>
        <Word id="w2346">
          <Coords points="572,2082 712,2082 712,2157 572,2157"/>
          <Glyph id="w2346g0">
            <Coords points="572,2082 586,2082 586,2157 572,2157"/>
            <TextEquiv index="1" conf="0.7090752029325812">
              <Unicode>f</Unicode>
            </TextEquiv>
          </Glyph>
          <Glyph id="w2346g1">
            <Coords points="594,2082 601,2082 601,2157 594,2157"/>
            <TextEquiv index="1" conf="0.9974103172620138">
              <Unicode>i</Unicode>
            </TextEquiv>
          </Glyph>
          <Glyph id="w2346g2">
            <Coords points="616,2082 616,2082 616,2157 616,2157"/>
            <TextEquiv index="1" conf="0.9999687731266022">
              <Unicode>n</Unicode>
            </TextEquiv>
          </Glyph>
          <Glyph id="w2346g3">
            <Coords points="645,2082 653,2082 653,2157 645,2157"/>
            <TextEquiv index="1" conf="0.9930962502956391">
              <Unicode>ſ</Unicode>
            </TextEquiv>
          </Glyph>
          <Glyph id="w2346g4">
            <Coords points="660,2082 667,2082 667,2157 660,2157"/>
            <TextEquiv index="1" conf="0.9999913334846496">
              <Unicode>t</Unicode>
            </TextEquiv>
          </Glyph>
          <Glyph id="w2346g5">
            <Coords points="682,2082 689,2082 689,2157 682,2157"/>
            <TextEquiv index="1" conf="0.999999463558197">
              <Unicode>e</Unicode>
            </TextEquiv>
          </Glyph>
          <Glyph id="w2346g6">
            <Coords points="704,2082 712,2082 712,2157 704,2157"/>
            <TextEquiv index="1" conf="0.9999863862991333">
              <Unicode>r</Unicode>
            </TextEquiv>
          </Glyph>
          <TextEquiv index="1" conf="0.7023183653889074">
            <Unicode>finſter</Unicode>
          </TextEquiv>
        </Word>
        <Word id="w2347">
          <Coords points="748,2082 874,2082 874,2157 748,2157"/>
          <Glyph id="w2347g0">
            <Coords points="748,2082 756,2082 756,2157 748,2157"/>
            <TextEquiv index="1" conf="0.9999965906143188">
              <Unicode>g</Unicode>
            </TextEquiv>
          </Glyph>
          <Glyph id="w2347g1">
            <Coords points="778,2082 785,2082 785,2157 778,2157"/>
            <TextEquiv index="1" conf="0.999995279312134">
              <Unicode>e</Unicode>
            </TextEquiv>
          </Glyph>
          <Glyph id="w2347g2">
            <Coords points="800,2082 807,2082 807,2157 800,2157"/>
            <TextEquiv index="1" conf="0.6549882948398591">
              <Unicode>u</Unicode>
            </TextEquiv>
          </Glyph>
          <Glyph id="w2347g3">
            <Coords points="837,2082 844,2082 844,2157 837,2157"/>
            <TextEquiv index="1" conf="0.9979719519615173">
              <Unicode>u</Unicode>
            </TextEquiv>
          </Glyph>
          <Glyph id="w2347g4">
            <Coords points="866,2082 874,2082 874,2157 866,2157"/>
            <TextEquiv index="1" conf="0.9999929189682005">
              <Unicode>g</Unicode>
            </TextEquiv>
          </Glyph>
          <TextEquiv index="1" conf="0.6536500042711146">
            <Unicode>geuug</Unicode>
          </TextEquiv>
        </Word>
        <Word id="w2348">
          <Coords points="918,2082 991,2082 991,2157 918,2157"/>
          <Glyph id="w2348g0">
            <Coords points="918,2082 918,2082 918,2157 918,2157"/>
            <TextEquiv index="1" conf="0.9999984383583067">
              <Unicode>i</Unicode>
            </TextEquiv>
          </Glyph>
          <Glyph id="w2348g1">
            <Coords points="932,2082 940,2082 940,2157 932,2157"/>
            <TextEquiv index="1" conf="0.9999709904193878">
              <Unicode>ſ</Unicode>
            </TextEquiv>
          </Glyph>
          <Glyph id="w2348g2">
            <Coords points="955,2082 955,2082 955,2157 955,2157"/>
            <TextEquiv index="1" conf="0.9999996662139892">
              <Unicode>t</Unicode>
            </TextEquiv>
          </Glyph>
          <Glyph id="w2348g3">
            <Coords points="984,2082 991,2082 991,2157 984,2157"/>
            <TextEquiv index="1" conf="0.9999279022216797">
              <Unicode>?</Unicode>
            </TextEquiv>
          </Glyph>
          <TextEquiv index="1" conf="0.9998969994970486">
            <Unicode>iſt?</Unicode>
          </TextEquiv>
        </Word>
        <Word id="w2349">
          <Coords points="1043,2082 1161,2082 1161,2157 1043,2157"/>
          <Glyph id="w2349g0">
            <Coords points="1043,2082 1050,2082 1050,2157 1043,2157"/>
            <TextEquiv index="1" conf="0.9999985694885253">
              <Unicode>D</Unicode>
            </TextEquiv>
          </Glyph>
          <Glyph id="w2349g1">
            <Coords points="1102,2082 1102,2082 1102,2157 1102,2157"/>
            <TextEquiv index="1" conf="0.9999949932098389">
              <Unicode>e</Unicode>
            </TextEquiv>
          </Glyph>
          <Glyph id="w2349g2">
            <Coords points="1124,2082 1124,2082 1124,2157 1124,2157"/>
            <TextEquiv index="1" conf="0.9999963045120239">
              <Unicode>n</Unicode>
            </TextEquiv>
          </Glyph>
          <Glyph id="w2349g3">
            <Coords points="1153,2082 1161,2082 1161,2157 1153,2157"/>
            <TextEquiv index="1" conf="0.9999931693077088">
              <Unicode>n</Unicode>
            </TextEquiv>
          </Glyph>
          <TextEquiv index="1" conf="0.9999830366182618">
            <Unicode>Denn</Unicode>
          </TextEquiv>
        </Word>
        <Word id="w2350">
          <Coords points="1227,2082 1279,2082 1279,2157 1227,2157"/>
          <Glyph id="w2350g0">
            <Coords points="1227,2082 1234,2082 1234,2157 1227,2157"/>
            <TextEquiv index="1" conf="0.9999994635581969">
              <Unicode>d</Unicode>
            </TextEquiv>
          </Glyph>
          <Glyph id="w2350g1">
            <Coords points="1257,2082 1264,2082 1264,2157 1257,2157"/>
            <TextEquiv index="1" conf="0.9999974608421325">
              <Unicode>i</Unicode>
            </TextEquiv>
          </Glyph>
          <Glyph id="w2350g2">
            <Coords points="1279,2082 1279,2082 1279,2157 1279,2157"/>
            <TextEquiv index="1" conf="0.9999723970890044">
              <Unicode>e</Unicode>
            </TextEquiv>
          </Glyph>
          <TextEquiv index="1" conf="0.9999693215755914">
            <Unicode>die</Unicode>
          </TextEquiv>
        </Word>
        <Word id="w2351">
          <Coords points="1330,2082 1566,2082 1566,2157 1330,2157"/>
          <Glyph id="w2351g0">
            <Coords points="1330,2082 1338,2082 1338,2157 1330,2157"/>
            <TextEquiv index="1" conf="0.999863851070404">
              <Unicode>V</Unicode>
            </TextEquiv>
          </Glyph>
          <Glyph id="w2351g1">
            <Coords points="1382,2082 1382,2082 1382,2157 1382,2157"/>
            <TextEquiv index="1" conf="0.9999898195266723">
              <Unicode>e</Unicode>
            </TextEquiv>
          </Glyph>
          <Glyph id="w2351g2">
            <Coords points="1404,2082 1411,2082 1411,2157 1404,2157"/>
            <TextEquiv index="1" conf="0.9999988436698913">
              <Unicode>r</Unicode>
            </TextEquiv>
          </Glyph>
          <Glyph id="w2351g3">
            <Coords points="1426,2082 1433,2082 1433,2157 1426,2157"/>
            <TextEquiv index="1" conf="0.9999971032142639">
              <Unicode>l</Unicode>
            </TextEquiv>
          </Glyph>
          <Glyph id="w2351g4">
            <Coords points="1448,2082 1455,2082 1455,2157 1448,2157"/>
            <TextEquiv index="1" conf="0.9999989986419677">
              <Unicode>i</Unicode>
            </TextEquiv>
          </Glyph>
          <Glyph id="w2351g5">
            <Coords points="1470,2082 1470,2082 1470,2157 1470,2157"/>
            <TextEquiv index="1" conf="0.9999987721443178">
              <Unicode>e</Unicode>
            </TextEquiv>
          </Glyph>
          <Glyph id="w2351g6">
            <Coords points="1485,2082 1492,2082 1492,2157 1485,2157"/>
            <TextEquiv index="1" conf="0.999983787536621">
              <Unicode>b</Unicode>
            </TextEquiv>
          </Glyph>
          <Glyph id="w2351g7">
            <Coords points="1522,2082 1522,2082 1522,2157 1522,2157"/>
            <TextEquiv index="1" conf="0.9999950170516968">
              <Unicode>t</Unicode>
            </TextEquiv>
          </Glyph>
          <Glyph id="w2351g8">
            <Coords points="1544,2082 1544,2082 1544,2157 1544,2157"/>
            <TextEquiv index="1" conf="0.999999725818634">
              <Unicode>e</Unicode>
            </TextEquiv>
          </Glyph>
          <Glyph id="w2351g9">
            <Coords points="1566,2082 1566,2082 1566,2157 1566,2157"/>
            <TextEquiv index="1" conf="0.9999988079071045">
              <Unicode>n</Unicode>
            </TextEquiv>
          </Glyph>
          <TextEquiv index="1" conf="0.9998247324710876">
            <Unicode>Verliebten</Unicode>
          </TextEquiv>
        </Word>
        <Word id="w2352">
          <Coords points="1632,2082 1706,2082 1706,2157 1632,2157"/>
          <Glyph id="w2352g0">
            <Coords points="1632,2082 1640,2082 1640,2157 1632,2157"/>
            <TextEquiv index="1" conf="0.9999727070331572">
              <Unicode>u</Unicode>
            </TextEquiv>
          </Glyph>
          <Glyph id="w2352g1">
            <Coords points="1669,2082 1676,2082 1676,2157 1669,2157"/>
            <TextEquiv index="1" conf="0.9999999880790709">
              <Unicode>n</Unicode>
            </TextEquiv>
          </Glyph>
          <Glyph id="w2352g2">
            <Coords points="1698,2082 1706,2082 1706,2157 1698,2157"/>
            <TextEquiv index="1" conf="0.9999994993209838">
              <Unicode>d</Unicode>
            </TextEquiv>
          </Glyph>
          <TextEquiv index="1" conf="0.9999721944472082">
            <Unicode>und</Unicode>
          </TextEquiv>
        </Word>
        <Word id="w2353">
          <Coords points="1757,2082 1809,2082 1809,2157 1757,2157"/>
          <Glyph id="w2353g0">
            <Coords points="1757,2082 1765,2082 1765,2157 1757,2157"/>
            <TextEquiv index="1" conf="0.9999998688697813">
              <Unicode>d</Unicode>
            </TextEquiv>
          </Glyph>
          <Glyph id="w2353g1">
            <Coords points="1787,2082 1787,2082 1787,2157 1787,2157"/>
            <TextEquiv index="1" conf="0.9999997973442077">
              <Unicode>i</Unicode>
            </TextEquiv>
          </Glyph>
          <Glyph id="w2353g2">
            <Coords points="1802,2082 1809,2082 1809,2157 1802,2157"/>
            <TextEquiv index="1" conf="0.9999992132186889">
              <Unicode>e</Unicode>
            </TextEquiv>
          </Glyph>
          <TextEquiv index="1" conf="0.9999988794329671">
            <Unicode>die</Unicode>
          </TextEquiv>
        </Word>
        <TextEquiv index="1" conf="0.9859110802064474">
          <Unicode>finſter geuug iſt? Denn die Verliebten und die</Unicode>
        </TextEquiv>
      </TextLine>
      <TextLine id="r1_l022">
        <Coords points="565,2239 1816,2239 1816,2158 565,2158 565,2239"/>
        <Word id="w2354">
          <Coords points="571,2158 875,2158 875,2239 571,2239"/>
          <Glyph id="w2354g0">
            <Coords points="571,2158 586,2158 586,2239 571,2239"/>
            <TextEquiv index="1" conf="0.9988828837871552">
              <Unicode>F</Unicode>
            </TextEquiv>
          </Glyph>
          <Glyph id="w2354g1">
            <Coords points="624,2158 624,2158 624,2239 624,2239"/>
            <TextEquiv index="1" conf="0.9985008895397186">
              <Unicode>l</Unicode>
            </TextEquiv>
          </Glyph>
          <Glyph id="w2354g2">
            <Coords points="640,2158 647,2158 647,2239 640,2239"/>
            <TextEquiv index="1" conf="0.999997329711914">
              <Unicode>e</Unicode>
            </TextEquiv>
          </Glyph>
          <Glyph id="w2354g3">
            <Coords points="662,2158 670,2158 670,2239 662,2239"/>
            <TextEquiv index="1" conf="0.9999018907546997">
              <Unicode>d</Unicode>
            </TextEquiv>
          </Glyph>
          <Glyph id="w2354g4">
            <Coords points="693,2158 700,2158 700,2239 693,2239"/>
            <TextEquiv index="1" conf="0.9999993920326232">
              <Unicode>e</Unicode>
            </TextEquiv>
          </Glyph>
          <Glyph id="w2354g5">
            <Coords points="715,2158 715,2158 715,2239 715,2239"/>
            <TextEquiv index="1" conf="0.9999742805957794">
              <Unicode>r</Unicode>
            </TextEquiv>
          </Glyph>
          <Glyph id="w2354g6">
            <Coords points="738,2158 746,2158 746,2239 738,2239"/>
            <TextEquiv index="1" conf="0.9999521851539612">
              <Unicode>m</Unicode>
            </TextEquiv>
          </Glyph>
          <Glyph id="w2354g7">
            <Coords points="784,2158 791,2158 791,2239 784,2239"/>
            <TextEquiv index="1" conf="0.9999935030937195">
              <Unicode>ä</Unicode>
            </TextEquiv>
          </Glyph>
          <Glyph id="w2354g8">
            <Coords points="814,2158 822,2158 822,2239 814,2239"/>
            <TextEquiv index="1" conf="0.9994735181331634">
              <Unicode>u</Unicode>
            </TextEquiv>
          </Glyph>
          <Glyph id="w2354g9">
            <Coords points="852,2158 860,2158 860,2239 852,2239"/>
            <TextEquiv index="1" conf="0.9996679842472076">
              <Unicode>ſ</Unicode>
            </TextEquiv>
          </Glyph>
          <Glyph id="w2354g10">
            <Coords points="867,2158 875,2158 875,2239 867,2239"/>
            <TextEquiv index="1" conf="0.9999958634376526">
              <Unicode>e</Unicode>
            </TextEquiv>
          </Glyph>
          <TextEquiv index="1" conf="0.9963444689490555">
            <Unicode>Fledermäuſe</Unicode>
          </TextEquiv>
        </Word>
        <Word id="w2355">
          <Coords points="913,2158 1049,2158 1049,2239 913,2239"/>
          <Glyph id="w2355g0">
            <Coords points="913,2158 920,2158 920,2239 913,2239"/>
            <TextEquiv index="1" conf="0.9999969244003294">
              <Unicode>d</Unicode>
            </TextEquiv>
          </Glyph>
          <Glyph id="w2355g1">
            <Coords points="943,2158 951,2158 951,2239 943,2239"/>
            <TextEquiv index="1" conf="0.9997148633003236">
              <Unicode>ü</Unicode>
            </TextEquiv>
          </Glyph>
          <Glyph id="w2355g2">
            <Coords points="981,2158 989,2158 989,2239 981,2239"/>
            <TextEquiv index="1" conf="0.9999876737594603">
              <Unicode>r</Unicode>
            </TextEquiv>
          </Glyph>
          <Glyph id="w2355g3">
            <Coords points="1004,2158 1011,2158 1011,2239 1004,2239"/>
            <TextEquiv index="1" conf="0.9950587749481201">
              <Unicode>f</Unicode>
            </TextEquiv>
          </Glyph>
          <Glyph id="w2355g4">
            <Coords points="1026,2158 1026,2158 1026,2239 1026,2239"/>
            <TextEquiv index="1" conf="0.9999991416931152">
              <Unicode>e</Unicode>
            </TextEquiv>
          </Glyph>
          <Glyph id="w2355g5">
            <Coords points="1049,2158 1049,2158 1049,2239 1049,2239"/>
            <TextEquiv index="1" conf="0.9999990820884703">
              <Unicode>n</Unicode>
            </TextEquiv>
          </Glyph>
          <TextEquiv index="1" conf="0.9947579589346789">
            <Unicode>dürfen</Unicode>
          </TextEquiv>
        </Word>
        <Word id="w2356">
          <Coords points="1110,2158 1178,2158 1178,2239 1110,2239"/>
          <Glyph id="w2356g0">
            <Coords points="1110,2158 1117,2158 1117,2239 1110,2239"/>
            <TextEquiv index="1" conf="0.9999968647956848">
              <Unicode>v</Unicode>
            </TextEquiv>
          </Glyph>
          <Glyph id="w2356g1">
            <Coords points="1148,2158 1148,2158 1148,2239 1148,2239"/>
            <TextEquiv index="1" conf="0.9999972820281983">
              <Unicode>o</Unicode>
            </TextEquiv>
          </Glyph>
          <Glyph id="w2356g2">
            <Coords points="1171,2158 1178,2158 1178,2239 1171,2239"/>
            <TextEquiv index="1" conf="0.9999996662139892">
              <Unicode>r</Unicode>
            </TextEquiv>
          </Glyph>
          <TextEquiv index="1" conf="0.9999938130483473">
            <Unicode>vor</Unicode>
          </TextEquiv>
        </Word>
        <Word id="w2357">
          <Coords points="1231,2158 1383,2158 1383,2239 1231,2239"/>
          <Glyph id="w2357g0">
            <Coords points="1231,2158 1239,2158 1239,2239 1231,2239"/>
            <TextEquiv index="1" conf="0.9998394668102264">
              <Unicode>N</Unicode>
            </TextEquiv>
          </Glyph>
          <Glyph id="w2357g1">
            <Coords points="1284,2158 1292,2158 1292,2239 1284,2239"/>
            <TextEquiv index="1" conf="0.9999978184700012">
              <Unicode>a</Unicode>
            </TextEquiv>
          </Glyph>
          <Glyph id="w2357g2">
            <Coords points="1315,2158 1322,2158 1322,2239 1315,2239"/>
            <TextEquiv index="1" conf="0.9999990224838257">
              <Unicode>c</Unicode>
            </TextEquiv>
          </Glyph>
          <Glyph id="w2357g3">
            <Coords points="1330,2158 1337,2158 1337,2239 1330,2239"/>
            <TextEquiv index="1" conf="0.9999954223632813">
              <Unicode>h</Unicode>
            </TextEquiv>
          </Glyph>
          <Glyph id="w2357g4">
            <Coords points="1360,2158 1368,2158 1368,2239 1360,2239"/>
            <TextEquiv index="1" conf="0.9997952520847321">
              <Unicode>t</Unicode>
            </TextEquiv>
          </Glyph>
          <Glyph id="w2357g5">
            <Coords points="1383,2158 1383,2158 1383,2239 1383,2239"/>
            <TextEquiv index="1" conf="0.9999638199806213">
              <Unicode>s</Unicode>
            </TextEquiv>
          </Glyph>
          <TextEquiv index="1" conf="0.9995908513984199">
            <Unicode>Nachts</Unicode>
          </TextEquiv>
        </Word>
        <Word id="w2358">
          <Coords points="1444,2158 1527,2158 1527,2239 1444,2239"/>
          <Glyph id="w2358g0">
            <Coords points="1444,2158 1451,2158 1451,2239 1444,2239"/>
            <TextEquiv index="1" conf="0.9999953508377074">
              <Unicode>d</Unicode>
            </TextEquiv>
          </Glyph>
          <Glyph id="w2358g1">
            <Coords points="1474,2158 1474,2158 1474,2239 1474,2239"/>
            <TextEquiv index="1" conf="0.9999612331390381">
              <Unicode>o</Unicode>
            </TextEquiv>
          </Glyph>
          <Glyph id="w2358g2">
            <Coords points="1497,2158 1504,2158 1504,2239 1497,2239"/>
            <TextEquiv index="1" conf="0.9999987602233887">
              <Unicode>c</Unicode>
            </TextEquiv>
          </Glyph>
          <Glyph id="w2358g3">
            <Coords points="1512,2158 1527,2158 1527,2239 1512,2239"/>
            <TextEquiv index="1" conf="0.999991750717163">
              <Unicode>h</Unicode>
            </TextEquiv>
          </Glyph>
          <TextEquiv index="1" conf="0.9999470955197329">
            <Unicode>doch</Unicode>
          </TextEquiv>
        </Word>
        <Word id="w2359">
          <Coords points="1573,2158 1671,2158 1671,2239 1573,2239"/>
          <Glyph id="w2359g0">
            <Coords points="1573,2158 1580,2158 1580,2239 1573,2239"/>
            <TextEquiv index="1" conf="0.9999873042106628">
              <Unicode>n</Unicode>
            </TextEquiv>
          </Glyph>
          <Glyph id="w2359g1">
            <Coords points="1603,2158 1611,2158 1611,2239 1603,2239"/>
            <TextEquiv index="1" conf="0.9999984622001648">
              <Unicode>i</Unicode>
            </TextEquiv>
          </Glyph>
          <Glyph id="w2359g2">
            <Coords points="1626,2158 1633,2158 1633,2239 1626,2239"/>
            <TextEquiv index="1" conf="0.9999863982200623">
              <Unicode>c</Unicode>
            </TextEquiv>
          </Glyph>
          <Glyph id="w2359g3">
            <Coords points="1633,2158 1649,2158 1649,2239 1633,2239"/>
            <TextEquiv index="1" conf="0.999983549118042">
              <Unicode>h</Unicode>
            </TextEquiv>
          </Glyph>
          <Glyph id="w2359g4">
            <Coords points="1671,2158 1671,2158 1671,2239 1671,2239"/>
            <TextEquiv index="1" conf="0.9999948382377624">
              <Unicode>t</Unicode>
            </TextEquiv>
          </Glyph>
          <TextEquiv index="1" conf="0.9999505528863242">
            <Unicode>nicht</Unicode>
          </TextEquiv>
        </Word>
        <Word id="w2360">
          <Coords points="1717,2158 1815,2158 1815,2239 1717,2239"/>
          <Glyph id="w2360g0">
            <Coords points="1717,2158 1724,2158 1724,2239 1717,2239"/>
            <TextEquiv index="1" conf="0.9999993801116944">
              <Unicode>a</Unicode>
            </TextEquiv>
          </Glyph>
          <Glyph id="w2360g1">
            <Coords points="1747,2158 1755,2158 1755,2239 1747,2239"/>
            <TextEquiv index="1" conf="0.999997353553772">
              <Unicode>u</Unicode>
            </TextEquiv>
          </Glyph>
          <Glyph id="w2360g2">
            <Coords points="1777,2158 1785,2158 1785,2239 1777,2239"/>
            <TextEquiv index="1" conf="0.9991613924503325">
              <Unicode>s</Unicode>
            </TextEquiv>
          </Glyph>
          <Glyph id="w2360g3">
            <Coords points="1808,2158 1815,2158 1815,2239 1808,2239"/>
            <TextEquiv index="1" conf="0.9998109400272368">
              <Unicode>-</Unicode>
            </TextEquiv>
          </Glyph>
          <TextEquiv index="1" conf="0.998969228047983">
            <Unicode>aus-</Unicode>
          </TextEquiv>
        </Word>
        <TextEquiv index="1" conf="0.9997629061010149">
          <Unicode>Fledermäuſe dürfen vor Nachts doch nicht aus-</Unicode>
        </TextEquiv>
      </TextLine>
      <TextLine id="r1_l023">
        <Coords points="567,2311 740,2311 740,2239 567,2239 567,2311"/>
        <Word id="w2361">
          <Coords points="574,2239 749,2239 749,2311 574,2311"/>
          <Glyph id="w2361g0">
            <Coords points="574,2239 582,2239 582,2311 574,2311"/>
            <TextEquiv index="1" conf="0.9961676061153412">
              <Unicode>f</Unicode>
            </TextEquiv>
          </Glyph>
          <Glyph id="w2361g1">
            <Coords points="598,2239 606,2239 606,2311 598,2311"/>
            <TextEquiv index="1" conf="0.9995592892169952">
              <Unicode>l</Unicode>
            </TextEquiv>
          </Glyph>
          <Glyph id="w2361g2">
            <Coords points="614,2239 622,2239 622,2311 614,2311"/>
            <TextEquiv index="1" conf="0.9995710790157318">
              <Unicode>i</Unicode>
            </TextEquiv>
          </Glyph>
          <Glyph id="w2361g3">
            <Coords points="630,2239 638,2239 638,2311 630,2311"/>
            <TextEquiv index="1" conf="0.9999974012374878">
              <Unicode>e</Unicode>
            </TextEquiv>
          </Glyph>
          <Glyph id="w2361g4">
            <Coords points="654,2239 661,2239 661,2311 654,2311"/>
            <TextEquiv index="1" conf="0.9999938726425169">
              <Unicode>g</Unicode>
            </TextEquiv>
          </Glyph>
          <Glyph id="w2361g5">
            <Coords points="685,2239 693,2239 693,2311 685,2311"/>
            <TextEquiv index="1" conf="0.9999948859214782">
              <Unicode>e</Unicode>
            </TextEquiv>
          </Glyph>
          <Glyph id="w2361g6">
            <Coords points="709,2239 709,2239 709,2311 709,2311"/>
            <TextEquiv index="1" conf="0.9999989748001099">
              <Unicode>n</Unicode>
            </TextEquiv>
          </Glyph>
          <Glyph id="w2361g7">
            <Coords points="741,2239 749,2239 749,2311 741,2311"/>
            <TextEquiv index="1" conf="0.9998752176761626">
              <Unicode>.</Unicode>
            </TextEquiv>
          </Glyph>
          <TextEquiv index="1" conf="0.9951625057590188">
            <Unicode>fliegen.</Unicode>
          </TextEquiv>
        </Word>
        <TextEquiv index="1" conf="0.999394790828228">
          <Unicode>fliegen.</Unicode>
        </TextEquiv>
      </TextLine>
      <TextLine id="r1_l024">
        <Coords points="659,2387 1814,2387 1814,2317 659,2317 659,2387"/>
        <Word id="w2362">
          <Coords points="665,2317 956,2317 956,2387 665,2387"/>
          <Glyph id="w2362g0">
            <Coords points="665,2317 680,2317 680,2387 665,2387"/>
            <TextEquiv index="1" conf="0.999989902973175">
              <Unicode>B</Unicode>
            </TextEquiv>
          </Glyph>
          <Glyph id="w2362g1">
            <Coords points="732,2317 739,2317 739,2387 732,2387"/>
            <TextEquiv index="1" conf="0.9827507436275482">
              <Unicode>u</Unicode>
            </TextEquiv>
          </Glyph>
          <Glyph id="w2362g2">
            <Coords points="777,2317 784,2317 784,2387 777,2387"/>
            <TextEquiv index="1" conf="0.9999988198280334">
              <Unicode>c</Unicode>
            </TextEquiv>
          </Glyph>
          <Glyph id="w2362g3">
            <Coords points="792,2317 799,2317 799,2387 792,2387"/>
            <TextEquiv index="1" conf="0.9999719679355622">
              <Unicode>h</Unicode>
            </TextEquiv>
          </Glyph>
          <Glyph id="w2362g4">
            <Coords points="836,2317 844,2317 844,2387 836,2387"/>
            <TextEquiv index="1" conf="0.9999981880187988">
              <Unicode>e</Unicode>
            </TextEquiv>
          </Glyph>
          <Glyph id="w2362g5">
            <Coords points="874,2317 874,2317 874,2387 874,2387"/>
            <TextEquiv index="1" conf="0.9999041914939879">
              <Unicode>n</Unicode>
            </TextEquiv>
          </Glyph>
          <Glyph id="w2362g6">
            <Coords points="911,2317 919,2317 919,2387 911,2387"/>
            <TextEquiv index="1" conf="0.999705970287323">
              <Unicode>h</Unicode>
            </TextEquiv>
          </Glyph>
          <Glyph id="w2362g7">
            <Coords points="948,2317 956,2317 956,2387 948,2387"/>
            <TextEquiv index="1" conf="0.9999432742595673">
              <Unicode>.</Unicode>
            </TextEquiv>
          </Glyph>
          <TextEquiv index="1" conf="0.9822715384832559">
            <Unicode>Buchenh.</Unicode>
          </TextEquiv>
        </Word>
        <Word id="w2363">
          <Coords points="993,2317 1105,2317 1105,2387 993,2387"/>
          <Glyph id="w2363g0">
            <Coords points="993,2317 993,2317 993,2387 993,2387"/>
            <TextEquiv index="1" conf="0.9999829888343811">
              <Unicode>G</Unicode>
            </TextEquiv>
          </Glyph>
          <Glyph id="w2363g1">
            <Coords points="1045,2317 1053,2317 1053,2387 1045,2387"/>
            <TextEquiv index="1" conf="0.9999711871147156">
              <Unicode>u</Unicode>
            </TextEquiv>
          </Glyph>
          <Glyph id="w2363g2">
            <Coords points="1075,2317 1083,2317 1083,2387 1075,2387"/>
            <TextEquiv index="1" conf="0.9999846577644348">
              <Unicode>t</Unicode>
            </TextEquiv>
          </Glyph>
          <Glyph id="w2363g3">
            <Coords points="1098,2317 1105,2317 1105,2387 1098,2387"/>
            <TextEquiv index="1" conf="0.9999948501586914">
              <Unicode>.</Unicode>
            </TextEquiv>
          </Glyph>
          <TextEquiv index="1" conf="0.99993368538039">
            <Unicode>Gut.</Unicode>
          </TextEquiv>
        </Word>
        <Word id="w2364">
          <Coords points="1142,2317 1224,2317 1224,2387 1142,2387"/>
          <Glyph id="w2364g0">
            <Coords points="1142,2317 1157,2317 1157,2387 1142,2387"/>
            <TextEquiv index="1" conf="0.9999987840652466">
              <Unicode>D</Unicode>
            </TextEquiv>
          </Glyph>
          <Glyph id="w2364g1">
            <Coords points="1202,2317 1209,2317 1209,2387 1202,2387"/>
            <TextEquiv index="1" conf="0.9999900221824646">
              <Unicode>i</Unicode>
            </TextEquiv>
          </Glyph>
          <Glyph id="w2364g2">
            <Coords points="1224,2317 1224,2317 1224,2387 1224,2387"/>
            <TextEquiv index="1" conf="0.9999994754791259">
              <Unicode>e</Unicode>
            </TextEquiv>
          </Glyph>
          <TextEquiv index="1" conf="0.9999882817448408">
            <Unicode>Die</Unicode>
          </TextEquiv>
        </Word>
        <Word id="w2365">
          <Coords points="1269,2317 1411,2317 1411,2387 1269,2387"/>
          <Glyph id="w2365g0">
            <Coords points="1269,2317 1277,2317 1277,2387 1269,2387"/>
            <TextEquiv index="1" conf="0.9999847173690795">
              <Unicode>P</Unicode>
            </TextEquiv>
          </Glyph>
          <Glyph id="w2365g1">
            <Coords points="1314,2317 1314,2317 1314,2387 1314,2387"/>
            <TextEquiv index="1" conf="0.9999873280525208">
              <Unicode>f</Unicode>
            </TextEquiv>
          </Glyph>
          <Glyph id="w2365g2">
            <Coords points="1336,2317 1336,2317 1336,2387 1336,2387"/>
            <TextEquiv index="1" conf="0.9999973177909851">
              <Unicode>e</Unicode>
            </TextEquiv>
          </Glyph>
          <Glyph id="w2365g3">
            <Coords points="1359,2317 1359,2317 1359,2387 1359,2387"/>
            <TextEquiv index="1" conf="0.999999749660492">
              <Unicode>r</Unicode>
            </TextEquiv>
          </Glyph>
          <Glyph id="w2365g4">
            <Coords points="1381,2317 1381,2317 1381,2387 1381,2387"/>
            <TextEquiv index="1" conf="0.9999918222427366">
              <Unicode>d</Unicode>
            </TextEquiv>
          </Glyph>
          <Glyph id="w2365g5">
            <Coords points="1411,2317 1411,2317 1411,2387 1411,2387"/>
            <TextEquiv index="1" conf="0.9999963521957398">
              <Unicode>e</Unicode>
            </TextEquiv>
          </Glyph>
          <TextEquiv index="1" conf="0.9999572879829477">
            <Unicode>Pferde</Unicode>
          </TextEquiv>
        </Word>
        <Word id="w2366">
          <Coords points="1441,2317 1582,2317 1582,2387 1441,2387"/>
          <Glyph id="w2366g0">
            <Coords points="1441,2317 1448,2317 1448,2387 1441,2387"/>
            <TextEquiv index="1" conf="0.9411467611789703">
              <Unicode>m</Unicode>
            </TextEquiv>
          </Glyph>
          <Glyph id="w2366g1">
            <Coords points="1493,2317 1493,2317 1493,2387 1493,2387"/>
            <TextEquiv index="1" conf="0.9426657676696777">
              <Unicode>ü</Unicode>
            </TextEquiv>
          </Glyph>
          <Glyph id="w2366g2">
            <Coords points="1523,2317 1530,2317 1530,2387 1523,2387"/>
            <TextEquiv index="1" conf="0.999579519033432">
              <Unicode>ſ</Unicode>
            </TextEquiv>
          </Glyph>
          <Glyph id="w2366g3">
            <Coords points="1538,2317 1545,2317 1545,2387 1538,2387"/>
            <TextEquiv index="1" conf="0.9997928023338316">
              <Unicode>ſ</Unicode>
            </TextEquiv>
          </Glyph>
          <Glyph id="w2366g4">
            <Coords points="1560,2317 1560,2317 1560,2387 1560,2387"/>
            <TextEquiv index="1" conf="0.9999935388565063">
              <Unicode>e</Unicode>
            </TextEquiv>
          </Glyph>
          <Glyph id="w2366g5">
            <Coords points="1582,2317 1582,2317 1582,2387 1582,2387"/>
            <TextEquiv index="1" conf="0.9999964475631714">
              <Unicode>n</Unicode>
            </TextEquiv>
          </Glyph>
          <TextEquiv index="1" conf="0.8866211648708721">
            <Unicode>müſſen</Unicode>
          </TextEquiv>
        </Word>
        <Word id="w2367">
          <Coords points="1620,2317 1664,2317 1664,2387 1620,2387"/>
          <Glyph id="w2367g0">
            <Coords points="1620,2317 1627,2317 1627,2387 1620,2387"/>
            <TextEquiv index="1" conf="0.9999414622783662">
              <Unicode>u</Unicode>
            </TextEquiv>
          </Glyph>
          <Glyph id="w2367g1">
            <Coords points="1657,2317 1664,2317 1664,2387 1657,2387"/>
            <TextEquiv index="1" conf="0.9999224483966828">
              <Unicode>m</Unicode>
            </TextEquiv>
          </Glyph>
          <TextEquiv index="1" conf="0.9998639152147432">
            <Unicode>um</Unicode>
          </TextEquiv>
        </Word>
        <Word id="w2368">
          <Coords points="1717,2317 1799,2317 1799,2387 1717,2387"/>
          <Glyph id="w2368g0">
            <Coords points="1717,2317 1724,2317 1724,2387 1717,2387"/>
            <TextEquiv index="1" conf="0.9999642014503478">
              <Unicode>d</Unicode>
            </TextEquiv>
          </Glyph>
          <Glyph id="w2368g1">
            <Coords points="1747,2317 1754,2317 1754,2387 1747,2387"/>
            <TextEquiv index="1" conf="0.999982523918152">
              <Unicode>r</Unicode>
            </TextEquiv>
          </Glyph>
          <Glyph id="w2368g2">
            <Coords points="1769,2317 1776,2317 1776,2387 1769,2387"/>
            <TextEquiv index="1" conf="0.9999554336071014">
              <Unicode>e</Unicode>
            </TextEquiv>
          </Glyph>
          <Glyph id="w2368g3">
            <Coords points="1791,2317 1799,2317 1799,2387 1791,2387"/>
            <TextEquiv index="1" conf="0.9999762773513794">
              <Unicode>y</Unicode>
            </TextEquiv>
          </Glyph>
          <TextEquiv index="1" conf="0.9998784416478063">
            <Unicode>drey</Unicode>
          </TextEquiv>
        </Word>
        <TextEquiv index="1" conf="0.9965265472729999">
          <Unicode>Buchenh. Gut. Die Pferde müſſen um drey</Unicode>
        </TextEquiv>
      </TextLine>
      <TextLine id="r1_l025">
        <Coords points="1565,2483 1565,2464 1566,2463 1574,2463 1575,2462 1679,2462 1680,2461 1680,2460 1681,2459 1813,2459 1813,2458 1812,2457 1812,2421 1811,2419 1810,2419 1809,2418 1807,2418 1805,2417 1805,2414 1804,2412 1790,2412 1789,2412 1789,2405 1789,2404 1788,2404 1787,2403 1332,2403 1331,2402 1089,2402 1088,2402 1088,2398 1088,2397 1084,2397 1083,2398 655,2398 654,2399 654,2402 574,2402 572,2404 571,2404 566,2409 566,2410 565,2411 565,2414 564,2415 564,2418 565,2419 565,2435 568,2438 568,2450 570,2451 586,2451 588,2453 589,2453 591,2455 592,2455 593,2456 621,2456 621,2457 621,2472 622,2472 1463,2472 1464,2473 1465,2473 1467,2471 1467,2464 1468,2463 1564,2463 1564,2464 1564,2483 1565,2483"/>
        <Word id="w2369">
          <Coords points="569,2397 743,2397 743,2483 569,2483"/>
          <Glyph id="w2369g0">
            <Coords points="569,2397 584,2397 584,2483 569,2483"/>
            <TextEquiv index="1" conf="0.9999337673187255">
              <Unicode>V</Unicode>
            </TextEquiv>
          </Glyph>
          <Glyph id="w2369g1">
            <Coords points="627,2397 634,2397 634,2483 627,2483"/>
            <TextEquiv index="1" conf="0.9999930620193482">
              <Unicode>i</Unicode>
            </TextEquiv>
          </Glyph>
          <Glyph id="w2369g2">
            <Coords points="649,2397 649,2397 649,2483 649,2483"/>
            <TextEquiv index="1" conf="0.9999987959861754">
              <Unicode>e</Unicode>
            </TextEquiv>
          </Glyph>
          <Glyph id="w2369g3">
            <Coords points="670,2397 678,2397 678,2483 670,2483"/>
            <TextEquiv index="1" conf="0.9999890446662902">
              <Unicode>r</Unicode>
            </TextEquiv>
          </Glyph>
          <Glyph id="w2369g4">
            <Coords points="699,2397 699,2397 699,2483 699,2483"/>
            <TextEquiv index="1" conf="0.9999930739402771">
              <Unicode>t</Unicode>
            </TextEquiv>
          </Glyph>
          <Glyph id="w2369g5">
            <Coords points="721,2397 721,2397 721,2483 721,2483"/>
            <TextEquiv index="1" conf="0.9999951481819153">
              <Unicode>e</Unicode>
            </TextEquiv>
          </Glyph>
          <Glyph id="w2369g6">
            <Coords points="743,2397 743,2397 743,2483 743,2483"/>
            <TextEquiv index="1" conf="0.9999932169914245">
              <Unicode>l</Unicode>
            </TextEquiv>
          </Glyph>
          <TextEquiv index="1" conf="0.9998961121638275">
            <Unicode>Viertel</Unicode>
          </TextEquiv>
        </Word>
        <Word id="w2370">
          <Coords points="786,2397 858,2397 858,2483 786,2483"/>
          <Glyph id="w2370g0">
            <Coords points="786,2397 793,2397 793,2483 786,2483"/>
            <TextEquiv index="1" conf="0.9999998450279236">
              <Unicode>a</Unicode>
            </TextEquiv>
          </Glyph>
          <Glyph id="w2370g1">
            <Coords points="815,2397 822,2397 822,2483 815,2483"/>
            <TextEquiv index="1" conf="0.9999983906745911">
              <Unicode>u</Unicode>
            </TextEquiv>
          </Glyph>
          <Glyph id="w2370g2">
            <Coords points="851,2397 858,2397 858,2483 851,2483"/>
            <TextEquiv index="1" conf="0.9994996309280396">
              <Unicode>f</Unicode>
            </TextEquiv>
          </Glyph>
          <TextEquiv index="1" conf="0.9994978675136034">
            <Unicode>auf</Unicode>
          </TextEquiv>
        </Word>
        <Word id="w2371">
          <Coords points="901,2397 995,2397 995,2483 901,2483"/>
          <Glyph id="w2371g0">
            <Coords points="901,2397 909,2397 909,2483 901,2483"/>
            <TextEquiv index="1" conf="0.9998888731002809">
              <Unicode>ſ</Unicode>
            </TextEquiv>
          </Glyph>
          <Glyph id="w2371g1">
            <Coords points="923,2397 930,2397 930,2483 923,2483"/>
            <TextEquiv index="1" conf="0.9999858498573303">
              <Unicode>e</Unicode>
            </TextEquiv>
          </Glyph>
          <Glyph id="w2371g2">
            <Coords points="945,2397 952,2397 952,2483 945,2483"/>
            <TextEquiv index="1" conf="0.9999983310699462">
              <Unicode>c</Unicode>
            </TextEquiv>
          </Glyph>
          <Glyph id="w2371g3">
            <Coords points="959,2397 966,2397 966,2483 959,2483"/>
            <TextEquiv index="1" conf="0.9999979257583618">
              <Unicode>h</Unicode>
            </TextEquiv>
          </Glyph>
          <Glyph id="w2371g4">
            <Coords points="988,2397 995,2397 995,2483 988,2483"/>
            <TextEquiv index="1" conf="0.9999461770057678">
              <Unicode>s</Unicode>
            </TextEquiv>
          </Glyph>
          <TextEquiv index="1" conf="0.9998171657806815">
            <Unicode>ſechs</Unicode>
          </TextEquiv>
        </Word>
        <Word id="w2372">
          <Coords points="1039,2397 1118,2397 1118,2483 1039,2483"/>
          <Glyph id="w2372g0">
            <Coords points="1039,2397 1046,2397 1046,2483 1039,2483"/>
            <TextEquiv index="1" conf="0.9999325335025787">
              <Unicode>U</Unicode>
            </TextEquiv>
          </Glyph>
          <Glyph id="w2372g1">
            <Coords points="1082,2397 1082,2397 1082,2483 1082,2483"/>
            <TextEquiv index="1" conf="0.9999250411987305">
              <Unicode>h</Unicode>
            </TextEquiv>
          </Glyph>
          <Glyph id="w2372g2">
            <Coords points="1111,2397 1118,2397 1118,2483 1111,2483"/>
            <TextEquiv index="1" conf="0.9999976396560668">
              <Unicode>r</Unicode>
            </TextEquiv>
          </Glyph>
          <TextEquiv index="1" conf="0.9998552197507445">
            <Unicode>Uhr</Unicode>
          </TextEquiv>
        </Word>
        <Word id="w2373">
          <Coords points="1161,2397 1284,2397 1284,2483 1161,2483"/>
          <Glyph id="w2373g0">
            <Coords points="1161,2397 1169,2397 1169,2483 1161,2483"/>
            <TextEquiv index="1" conf="0.9178785845637322">
              <Unicode>v</Unicode>
            </TextEquiv>
          </Glyph>
          <Glyph id="w2373g1">
            <Coords points="1198,2397 1198,2397 1198,2483 1198,2483"/>
            <TextEquiv index="1" conf="0.9999720215797424">
              <Unicode>a</Unicode>
            </TextEquiv>
          </Glyph>
          <Glyph id="w2373g2">
            <Coords points="1219,2397 1227,2397 1227,2483 1219,2483"/>
            <TextEquiv index="1" conf="0.9999968886375428">
              <Unicode>r</Unicode>
            </TextEquiv>
          </Glyph>
          <Glyph id="w2373g3">
            <Coords points="1248,2397 1255,2397 1255,2483 1248,2483"/>
            <TextEquiv index="1" conf="0.9998857021331786">
              <Unicode>a</Unicode>
            </TextEquiv>
          </Glyph>
          <Glyph id="w2373g4">
            <Coords points="1277,2397 1284,2397 1284,2483 1277,2483"/>
            <TextEquiv index="1" conf="0.9985556721687318">
              <Unicode>t</Unicode>
            </TextEquiv>
          </Glyph>
          <TextEquiv index="1" conf="0.9164196148480606">
            <Unicode>varat</Unicode>
          </TextEquiv>
        </Word>
        <Word id="w2374">
          <Coords points="1320,2397 1436,2397 1436,2483 1320,2483"/>
          <Glyph id="w2374g0">
            <Coords points="1320,2397 1328,2397 1328,2483 1320,2483"/>
            <TextEquiv index="1" conf="0.9973131239414217">
              <Unicode>ſ</Unicode>
            </TextEquiv>
          </Glyph>
          <Glyph id="w2374g1">
            <Coords points="1342,2397 1342,2397 1342,2483 1342,2483"/>
            <TextEquiv index="1" conf="0.9999950885772705">
              <Unicode>e</Unicode>
            </TextEquiv>
          </Glyph>
          <Glyph id="w2374g2">
            <Coords points="1364,2397 1371,2397 1371,2483 1364,2483"/>
            <TextEquiv index="1" conf="0.9999585211277008">
              <Unicode>y</Unicode>
            </TextEquiv>
          </Glyph>
          <Glyph id="w2374g3">
            <Coords points="1393,2397 1400,2397 1400,2483 1393,2483"/>
            <TextEquiv index="1" conf="0.999982988834381">
              <Unicode>n</Unicode>
            </TextEquiv>
          </Glyph>
          <Glyph id="w2374g4">
            <Coords points="1429,2397 1436,2397 1436,2483 1429,2483"/>
            <TextEquiv index="1" conf="0.9997104823589325">
              <Unicode>,</Unicode>
            </TextEquiv>
          </Glyph>
          <TextEquiv index="1" conf="0.9969611723860282">
            <Unicode>ſeyn,</Unicode>
          </TextEquiv>
        </Word>
        <Word id="w2375">
          <Coords points="1465,2397 1537,2397 1537,2483 1465,2483"/>
          <Glyph id="w2375g0">
            <Coords points="1465,2397 1472,2397 1472,2483 1465,2483"/>
            <TextEquiv index="1" conf="0.9999980688095093">
              <Unicode>u</Unicode>
            </TextEquiv>
          </Glyph>
          <Glyph id="w2375g1">
            <Coords points="1501,2397 1508,2397 1508,2483 1501,2483"/>
            <TextEquiv index="1" conf="0.9999999165534973">
              <Unicode>n</Unicode>
            </TextEquiv>
          </Glyph>
          <Glyph id="w2375g2">
            <Coords points="1537,2397 1537,2397 1537,2483 1537,2483"/>
            <TextEquiv index="1" conf="0.999999964237213">
              <Unicode>d</Unicode>
            </TextEquiv>
          </Glyph>
          <TextEquiv index="1" conf="0.9999979496004529">
            <Unicode>und</Unicode>
          </TextEquiv>
        </Word>
        <Word id="w2376">
          <Coords points="1580,2397 1617,2397 1617,2483 1580,2483"/>
          <Glyph id="w2376g0">
            <Coords points="1580,2397 1580,2397 1580,2483 1580,2483"/>
            <TextEquiv index="1" conf="0.9999450564384461">
              <Unicode>u</Unicode>
            </TextEquiv>
          </Glyph>
          <Glyph id="w2376g1">
            <Coords points="1617,2397 1617,2397 1617,2483 1617,2483"/>
            <TextEquiv index="1" conf="0.9999903082847594">
              <Unicode>m</Unicode>
            </TextEquiv>
          </Glyph>
          <TextEquiv index="1" conf="0.9999353652557029">
            <Unicode>um</Unicode>
          </TextEquiv>
        </Word>
        <Word id="w2377">
          <Coords points="1674,2397 1804,2397 1804,2483 1674,2483"/>
          <Glyph id="w2377g0">
            <Coords points="1674,2397 1682,2397 1682,2483 1674,2483"/>
            <TextEquiv index="1" conf="0.9990564227104187">
              <Unicode>p</Unicode>
            </TextEquiv>
          </Glyph>
          <Glyph id="w2377g1">
            <Coords points="1710,2397 1718,2397 1718,2483 1710,2483"/>
            <TextEquiv index="1" conf="0.9999764800071715">
              <Unicode>u</Unicode>
            </TextEquiv>
          </Glyph>
          <Glyph id="w2377g2">
            <Coords points="1747,2397 1747,2397 1747,2483 1747,2483"/>
            <TextEquiv index="1" conf="0.999998140335083">
              <Unicode>n</Unicode>
            </TextEquiv>
          </Glyph>
          <Glyph id="w2377g3">
            <Coords points="1775,2397 1783,2397 1783,2483 1775,2483"/>
            <TextEquiv index="1" conf="0.9999932169914245">
              <Unicode>k</Unicode>
            </TextEquiv>
          </Glyph>
          <Glyph id="w2377g4">
            <Coords points="1797,2397 1804,2397 1804,2483 1797,2483"/>
            <TextEquiv index="1" conf="0.9999961137771606">
              <Unicode>t</Unicode>
            </TextEquiv>
          </Glyph>
          <TextEquiv index="1" conf="0.9990204081767297">
            <Unicode>punkt</Unicode>
          </TextEquiv>
        </Word>
        <TextEquiv index="1" conf="0.9980572508405083">
          <Unicode>Viertel auf ſechs Uhr varat ſeyn, und um punkt</Unicode>
        </TextEquiv>
      </TextLine>
      <TextLine id="r1_l026">
        <Coords points="564,2546 892,2546 892,2483 564,2483 564,2546"/>
        <Word id="w2378">
          <Coords points="569,2483 665,2483 665,2546 569,2546"/>
          <Glyph id="w2378g0">
            <Coords points="569,2483 584,2483 584,2546 569,2546"/>
            <TextEquiv index="1" conf="0.9998051285743713">
              <Unicode>ſ</Unicode>
            </TextEquiv>
          </Glyph>
          <Glyph id="w2378g1">
            <Coords points="599,2483 599,2483 599,2546 599,2546"/>
            <TextEquiv index="1" conf="0.999979043006897">
              <Unicode>e</Unicode>
            </TextEquiv>
          </Glyph>
          <Glyph id="w2378g2">
            <Coords points="621,2483 621,2483 621,2546 621,2546"/>
            <TextEquiv index="1" conf="0.9999983429908752">
              <Unicode>c</Unicode>
            </TextEquiv>
          </Glyph>
          <Glyph id="w2378g3">
            <Coords points="628,2483 635,2483 635,2546 628,2546"/>
            <TextEquiv index="1" conf="0.9999967575073242">
              <Unicode>h</Unicode>
            </TextEquiv>
          </Glyph>
          <Glyph id="w2378g4">
            <Coords points="665,2483 665,2483 665,2546 665,2546"/>
            <TextEquiv index="1" conf="0.9999226510524751">
              <Unicode>s</Unicode>
            </TextEquiv>
          </Glyph>
          <TextEquiv index="1" conf="0.9997019453513396">
            <Unicode>ſechs</Unicode>
          </TextEquiv>
        </Word>
        <Word id="w2379">
          <Coords points="716,2483 789,2483 789,2546 716,2546"/>
          <Glyph id="w2379g0">
            <Coords points="716,2483 716,2483 716,2546 716,2546"/>
            <TextEquiv index="1" conf="0.9998314321041107">
              <Unicode>U</Unicode>
            </TextEquiv>
          </Glyph>
          <Glyph id="w2379g1">
            <Coords points="752,2483 760,2483 760,2546 752,2546"/>
            <TextEquiv index="1" conf="0.99998220205307">
              <Unicode>h</Unicode>
            </TextEquiv>
          </Glyph>
          <Glyph id="w2379g2">
            <Coords points="782,2483 789,2483 789,2546 782,2546"/>
            <TextEquiv index="1" conf="0.9999990463256835">
              <Unicode>r</Unicode>
            </TextEquiv>
          </Glyph>
          <TextEquiv index="1" conf="0.9998126836607562">
            <Unicode>Uhr</Unicode>
          </TextEquiv>
        </Word>
        <Word id="w2380">
          <Coords points="833,2483 891,2483 891,2546 833,2546"/>
          <Glyph id="w2380g0">
            <Coords points="833,2483 891,2483 891,2546 833,2546"/>
            <TextEquiv index="1" conf="0.9999567925930023">
              <Unicode>-</Unicode>
            </TextEquiv>
          </Glyph>
          <TextEquiv index="1" conf="0.9999567925930023">
            <Unicode>-</Unicode>
          </TextEquiv>
        </Word>
        <TextEquiv index="1" conf="0.9989028984850102">
          <Unicode>ſechs Uhr -</Unicode>
        </TextEquiv>
      </TextLine>
      <TextLine id="r1_l027">
        <Coords points="1506,2633 1506,2632 1507,2631 1533,2631 1533,2630 1535,2628 1822,2628 1822,2627 1823,2626 1823,2556 1823,2555 1568,2555 1567,2555 1567,2551 1564,2547 1138,2547 1137,2547 1137,2546 1137,2545 1136,2545 1135,2546 1135,2549 891,2549 890,2550 890,2559 883,2559 882,2560 736,2560 735,2561 695,2561 694,2562 668,2562 667,2563 664,2563 663,2564 662,2564 659,2567 659,2568 658,2569 658,2571 657,2572 657,2589 653,2589 652,2590 652,2592 653,2592 661,2592 661,2593 661,2609 663,2610 698,2610 699,2611 768,2611 769,2612 805,2612 805,2613 805,2618 806,2618 884,2618 884,2619 884,2625 885,2625 1439,2625 1441,2627 1477,2627 1477,2628 1477,2629 1481,2632 1501,2632 1502,2633 1506,2633"/>
        <Word id="w2381">
          <Coords points="668,2545 844,2545 844,2633 668,2633"/>
          <Glyph id="w2381g0">
            <Coords points="668,2545 676,2545 676,2633 668,2633"/>
            <TextEquiv index="1" conf="0.9999605178833009">
              <Unicode>W</Unicode>
            </TextEquiv>
          </Glyph>
          <Glyph id="w2381g1">
            <Coords points="748,2545 748,2545 748,2633 748,2633"/>
            <TextEquiv index="1" conf="0.9999596178531647">
              <Unicode>i</Unicode>
            </TextEquiv>
          </Glyph>
          <Glyph id="w2381g2">
            <Coords points="780,2545 780,2545 780,2633 780,2633"/>
            <TextEquiv index="1" conf="0.9994000375270844">
              <Unicode>l</Unicode>
            </TextEquiv>
          </Glyph>
          <Glyph id="w2381g3">
            <Coords points="804,2545 812,2545 812,2633 804,2633"/>
            <TextEquiv index="1" conf="0.999952334165573">
              <Unicode>h</Unicode>
            </TextEquiv>
          </Glyph>
          <Glyph id="w2381g4">
            <Coords points="836,2545 844,2545 844,2633 836,2633"/>
            <TextEquiv index="1" conf="0.9998317658901215">
              <Unicode>.</Unicode>
            </TextEquiv>
          </Glyph>
          <TextEquiv index="1" conf="0.9991044776056552">
            <Unicode>Wilh.</Unicode>
          </TextEquiv>
        </Word>
        <Word id="w2382">
          <Coords points="884,2545 997,2545 997,2633 884,2633"/>
          <Glyph id="w2382g0">
            <Coords points="884,2545 892,2545 892,2633 884,2633"/>
            <TextEquiv index="1" conf="0.9999894857406616">
              <Unicode>J</Unicode>
            </TextEquiv>
          </Glyph>
          <Glyph id="w2382g1">
            <Coords points="932,2545 932,2545 932,2633 932,2633"/>
            <TextEquiv index="1" conf="0.9999812841415404">
              <Unicode>a</Unicode>
            </TextEquiv>
          </Glyph>
          <Glyph id="w2382g2">
            <Coords points="965,2545 965,2545 965,2633 965,2633"/>
            <TextEquiv index="1" conf="0.9999979019165038">
              <Unicode>g</Unicode>
            </TextEquiv>
          </Glyph>
          <Glyph id="w2382g3">
            <Coords points="989,2545 997,2545 997,2633 989,2633"/>
            <TextEquiv index="1" conf="0.999915224313736">
              <Unicode>e</Unicode>
            </TextEquiv>
          </Glyph>
          <TextEquiv index="1" conf="0.9998838990264">
            <Unicode>Jage</Unicode>
          </TextEquiv>
        </Word>
        <Word id="w2383">
          <Coords points="1021,2545 1061,2545 1061,2633 1021,2633"/>
          <Glyph id="w2383g0">
            <Coords points="1021,2545 1029,2545 1029,2633 1021,2633"/>
            <TextEquiv index="1" conf="0.9999987602233886">
              <Unicode>i</Unicode>
            </TextEquiv>
          </Glyph>
          <Glyph id="w2383g1">
            <Coords points="1045,2545 1045,2545 1045,2633 1045,2633"/>
            <TextEquiv index="1" conf="0.999998378753662">
              <Unicode>c</Unicode>
            </TextEquiv>
          </Glyph>
          <Glyph id="w2383g2">
            <Coords points="1053,2545 1061,2545 1061,2633 1053,2633"/>
            <TextEquiv index="1" conf="0.9999943614006043">
              <Unicode>h</Unicode>
            </TextEquiv>
          </Glyph>
          <TextEquiv index="1" conf="0.999991500395797">
            <Unicode>ich</Unicode>
          </TextEquiv>
        </Word>
        <Word id="w2384">
          <Coords points="1101,2545 1342,2545 1342,2633 1101,2633"/>
          <Glyph id="w2384g0">
            <Coords points="1101,2545 1101,2545 1101,2633 1101,2633"/>
            <TextEquiv index="1" conf="0.9999874949455261">
              <Unicode>H</Unicode>
            </TextEquiv>
          </Glyph>
          <Glyph id="w2384g1">
            <Coords points="1141,2545 1149,2545 1149,2633 1141,2633"/>
            <TextEquiv index="1" conf="0.999992048740387">
              <Unicode>e</Unicode>
            </TextEquiv>
          </Glyph>
          <Glyph id="w2384g2">
            <Coords points="1165,2545 1173,2545 1173,2633 1165,2633"/>
            <TextEquiv index="1" conf="0.9991840958595276">
              <Unicode>n</Unicode>
            </TextEquiv>
          </Glyph>
          <Glyph id="w2384g3">
            <Coords points="1197,2545 1205,2545 1205,2633 1197,2633"/>
            <TextEquiv index="1" conf="0.9999722480773925">
              <Unicode>r</Unicode>
            </TextEquiv>
          </Glyph>
          <Glyph id="w2384g4">
            <Coords points="1221,2545 1229,2545 1229,2633 1221,2633"/>
            <TextEquiv index="1" conf="0.9999654591083528">
              <Unicode>i</Unicode>
            </TextEquiv>
          </Glyph>
          <Glyph id="w2384g5">
            <Coords points="1246,2545 1246,2545 1246,2633 1246,2633"/>
            <TextEquiv index="1" conf="0.9999457240104674">
              <Unicode>e</Unicode>
            </TextEquiv>
          </Glyph>
          <Glyph id="w2384g6">
            <Coords points="1270,2545 1278,2545 1278,2633 1270,2633"/>
            <TextEquiv index="1" conf="0.9999813795089721">
              <Unicode>t</Unicode>
            </TextEquiv>
          </Glyph>
          <Glyph id="w2384g7">
            <Coords points="1294,2545 1294,2545 1294,2633 1294,2633"/>
            <TextEquiv index="1" conf="0.9999728500843048">
              <Unicode>t</Unicode>
            </TextEquiv>
          </Glyph>
          <Glyph id="w2384g8">
            <Coords points="1310,2545 1318,2545 1318,2633 1310,2633"/>
            <TextEquiv index="1" conf="0.9999995946884154">
              <Unicode>e</Unicode>
            </TextEquiv>
          </Glyph>
          <Glyph id="w2384g9">
            <Coords points="1334,2545 1342,2545 1342,2633 1334,2633"/>
            <TextEquiv index="1" conf="0.9999996542930604">
              <Unicode>n</Unicode>
            </TextEquiv>
          </Glyph>
          <TextEquiv index="1" conf="0.9990007127992803">
            <Unicode>Henrietten</Unicode>
          </TextEquiv>
        </Word>
        <Word id="w2385">
          <Coords points="1382,2545 1438,2545 1438,2633 1382,2633"/>
          <Glyph id="w2385g0">
            <Coords points="1382,2545 1382,2545 1382,2633 1382,2633"/>
            <TextEquiv index="1" conf="0.9999987959861756">
              <Unicode>ʒ</Unicode>
            </TextEquiv>
          </Glyph>
          <Glyph id="w2385g1">
            <Coords points="1406,2545 1406,2545 1406,2633 1406,2633"/>
            <TextEquiv index="1" conf="0.9999962091445924">
              <Unicode>u</Unicode>
            </TextEquiv>
          </Glyph>
          <Glyph id="w2385g2">
            <Coords points="1438,2545 1438,2545 1438,2633 1438,2633"/>
            <TextEquiv index="1" conf="0.9999933838844299">
              <Unicode>r</Unicode>
            </TextEquiv>
          </Glyph>
          <TextEquiv index="1" conf="0.9999883890528087">
            <Unicode>ʒur</Unicode>
          </TextEquiv>
        </Word>
        <Word id="w2386">
          <Coords points="1470,2545 1623,2545 1623,2633 1470,2633"/>
          <Glyph id="w2386g0">
            <Coords points="1470,2545 1478,2545 1478,2633 1470,2633"/>
            <TextEquiv index="1" conf="0.9999875783920288">
              <Unicode>h</Unicode>
            </TextEquiv>
          </Glyph>
          <Glyph id="w2386g1">
            <Coords points="1502,2545 1510,2545 1510,2633 1502,2633"/>
            <TextEquiv index="1" conf="0.9999990224838258">
              <Unicode>i</Unicode>
            </TextEquiv>
          </Glyph>
          <Glyph id="w2386g2">
            <Coords points="1518,2545 1526,2545 1526,2633 1518,2633"/>
            <TextEquiv index="1" conf="0.9999980449676513">
              <Unicode>n</Unicode>
            </TextEquiv>
          </Glyph>
          <Glyph id="w2386g3">
            <Coords points="1551,2545 1559,2545 1559,2633 1551,2633"/>
            <TextEquiv index="1" conf="0.9999794483184814">
              <Unicode>t</Unicode>
            </TextEquiv>
          </Glyph>
          <Glyph id="w2386g4">
            <Coords points="1575,2545 1583,2545 1583,2633 1575,2633"/>
            <TextEquiv index="1" conf="0.9999994993209839">
              <Unicode>e</Unicode>
            </TextEquiv>
          </Glyph>
          <Glyph id="w2386g5">
            <Coords points="1599,2545 1607,2545 1607,2633 1599,2633"/>
            <TextEquiv index="1" conf="0.9999987602233886">
              <Unicode>r</Unicode>
            </TextEquiv>
          </Glyph>
          <Glyph id="w2386g6">
            <Coords points="1623,2545 1623,2545 1623,2633 1623,2633"/>
            <TextEquiv index="1" conf="0.9999987125396728">
              <Unicode>n</Unicode>
            </TextEquiv>
          </Glyph>
          <TextEquiv index="1" conf="0.9999610667115036">
            <Unicode>hintern</Unicode>
          </TextEquiv>
        </Word>
        <Word id="w2387">
          <Coords points="1663,2545 1815,2545 1815,2633 1663,2633"/>
          <Glyph id="w2387g0">
            <Coords points="1663,2545 1679,2545 1679,2633 1663,2633"/>
            <TextEquiv index="1" conf="0.9999907612800597">
              <Unicode>H</Unicode>
            </TextEquiv>
          </Glyph>
          <Glyph id="w2387g1">
            <Coords points="1711,2545 1719,2545 1719,2633 1711,2633"/>
            <TextEquiv index="1" conf="0.999997341632843">
              <Unicode>a</Unicode>
            </TextEquiv>
          </Glyph>
          <Glyph id="w2387g2">
            <Coords points="1743,2545 1751,2545 1751,2633 1743,2633"/>
            <TextEquiv index="1" conf="0.9999995708465577">
              <Unicode>u</Unicode>
            </TextEquiv>
          </Glyph>
          <Glyph id="w2387g3">
            <Coords points="1775,2545 1783,2545 1783,2633 1775,2633"/>
            <TextEquiv index="1" conf="0.9999614477157593">
              <Unicode>s</Unicode>
            </TextEquiv>
          </Glyph>
          <Glyph id="w2387g4">
            <Coords points="1807,2545 1815,2545 1815,2633 1807,2633"/>
            <TextEquiv index="1" conf="0.9997821390628814">
              <Unicode>-</Unicode>
            </TextEquiv>
          </Glyph>
          <TextEquiv index="1" conf="0.9997312721273034">
            <Unicode>Haus-</Unicode>
          </TextEquiv>
        </Word>
        <TextEquiv index="1" conf="0.9997174903403881">
          <Unicode>Wilh. Jage ich Henrietten ʒur hintern Haus-</Unicode>
        </TextEquiv>
      </TextLine>
      <TextLine id="r1_l028">
        <Coords points="1463,2712 1465,2710 1465,2709 1466,2708 1696,2708 1699,2705 1699,2694 1700,2693 1700,2692 1700,2691 1663,2691 1662,2691 1663,2690 1664,2690 1668,2686 1668,2683 1665,2680 1665,2679 1665,2678 1664,2678 1663,2677 1651,2677 1650,2677 1650,2653 1649,2652 1649,2651 1646,2647 1567,2647 1566,2647 1566,2643 1565,2641 1550,2641 1549,2641 1549,2640 1548,2639 1548,2638 1547,2636 1507,2636 1506,2636 1506,2634 1506,2633 1490,2633 1489,2632 1482,2632 1481,2633 1481,2636 1480,2637 1245,2637 1244,2638 631,2638 630,2639 628,2639 625,2642 625,2643 593,2643 592,2644 589,2644 588,2645 586,2645 583,2648 583,2652 573,2652 571,2654 571,2655 570,2656 568,2656 566,2658 551,2658 549,2660 549,2664 551,2666 551,2667 552,2668 552,2669 553,2670 553,2672 555,2674 555,2675 556,2676 556,2677 557,2678 557,2680 558,2681 558,2682 560,2683 564,2683 564,2684 564,2688 570,2693 571,2693 573,2695 594,2695 594,2696 594,2702 596,2703 598,2703 599,2702 600,2702 601,2701 602,2701 603,2700 1358,2700 1359,2701 1362,2701 1362,2702 1362,2706 1363,2706 1460,2706 1460,2707 1460,2712 1461,2712 1463,2712"/>
        <Word id="w2388">
          <Coords points="579,2632 671,2632 671,2712 579,2712"/>
          <Glyph id="w2388g0">
            <Coords points="579,2632 579,2632 579,2712 579,2712"/>
            <TextEquiv index="1" conf="0.9650515735149384">
              <Unicode>t</Unicode>
            </TextEquiv>
          </Glyph>
          <Glyph id="w2388g1">
            <Coords points="594,2632 602,2632 602,2712 594,2712"/>
            <TextEquiv index="1" conf="0.9999754071235656">
              <Unicode>h</Unicode>
            </TextEquiv>
          </Glyph>
          <Glyph id="w2388g2">
            <Coords points="632,2632 632,2632 632,2712 632,2712"/>
            <TextEquiv index="1" conf="0.9510638952255249">
              <Unicode>ü</Unicode>
            </TextEquiv>
          </Glyph>
          <Glyph id="w2388g3">
            <Coords points="663,2632 671,2632 671,2712 663,2712"/>
            <TextEquiv index="1" conf="0.9998898684978487">
              <Unicode>r</Unicode>
            </TextEquiv>
          </Glyph>
          <TextEquiv index="1" conf="0.9177020575882835">
            <Unicode>thür</Unicode>
          </TextEquiv>
        </Word>
        <Word id="w2389">
          <Coords points="709,2632 863,2632 863,2712 709,2712"/>
          <Glyph id="w2389g0">
            <Coords points="709,2632 717,2632 717,2712 709,2712"/>
            <TextEquiv index="1" conf="0.9999933481216431">
              <Unicode>h</Unicode>
            </TextEquiv>
          </Glyph>
          <Glyph id="w2389g1">
            <Coords points="748,2632 748,2632 748,2712 748,2712"/>
            <TextEquiv index="1" conf="0.9999992132186889">
              <Unicode>i</Unicode>
            </TextEquiv>
          </Glyph>
          <Glyph id="w2389g2">
            <Coords points="763,2632 771,2632 771,2712 763,2712"/>
            <TextEquiv index="1" conf="0.9999957919120788">
              <Unicode>n</Unicode>
            </TextEquiv>
          </Glyph>
          <Glyph id="w2389g3">
            <Coords points="794,2632 801,2632 801,2712 794,2712"/>
            <TextEquiv index="1" conf="0.9998568177223205">
              <Unicode>a</Unicode>
            </TextEquiv>
          </Glyph>
          <Glyph id="w2389g4">
            <Coords points="824,2632 832,2632 832,2712 824,2712"/>
            <TextEquiv index="1" conf="0.9999946117401124">
              <Unicode>u</Unicode>
            </TextEquiv>
          </Glyph>
          <Glyph id="w2389g5">
            <Coords points="855,2632 863,2632 863,2712 855,2712"/>
            <TextEquiv index="1" conf="0.9999921560287476">
              <Unicode>s</Unicode>
            </TextEquiv>
          </Glyph>
          <TextEquiv index="1" conf="0.9998319425386997">
            <Unicode>hinaus</Unicode>
          </TextEquiv>
        </Word>
        <Word id="w2390">
          <Coords points="909,2632 932,2632 932,2712 909,2712"/>
          <Glyph id="w2390g0">
            <Coords points="909,2632 917,2632 917,2712 909,2712"/>
            <TextEquiv index="1" conf="0.9999987363815307">
              <Unicode>i</Unicode>
            </TextEquiv>
          </Glyph>
          <Glyph id="w2390g1">
            <Coords points="932,2632 932,2632 932,2712 932,2712"/>
            <TextEquiv index="1" conf="0.9999952673912047">
              <Unicode>n</Unicode>
            </TextEquiv>
          </Glyph>
          <TextEquiv index="1" conf="0.9999940037787156">
            <Unicode>in</Unicode>
          </TextEquiv>
        </Word>
        <Word id="w2391">
          <Coords points="986,2632 1039,2632 1039,2712 986,2712"/>
          <Glyph id="w2391g0">
            <Coords points="986,2632 993,2632 993,2712 986,2712"/>
            <TextEquiv index="1" conf="0.9999997854232786">
              <Unicode>d</Unicode>
            </TextEquiv>
          </Glyph>
          <Glyph id="w2391g1">
            <Coords points="1016,2632 1024,2632 1024,2712 1016,2712"/>
            <TextEquiv index="1" conf="0.9999983191490173">
              <Unicode>i</Unicode>
            </TextEquiv>
          </Glyph>
          <Glyph id="w2391g2">
            <Coords points="1039,2632 1039,2632 1039,2712 1039,2712"/>
            <TextEquiv index="1" conf="0.9999991416931153">
              <Unicode>e</Unicode>
            </TextEquiv>
          </Glyph>
          <TextEquiv index="1" conf="0.9999972462673987">
            <Unicode>die</Unicode>
          </TextEquiv>
        </Word>
        <Word id="w2392">
          <Coords points="1086,2632 1201,2632 1201,2712 1086,2712"/>
          <Glyph id="w2392g0">
            <Coords points="1086,2632 1093,2632 1093,2712 1086,2712"/>
            <TextEquiv index="1" conf="0.9999489843845367">
              <Unicode>A</Unicode>
            </TextEquiv>
          </Glyph>
          <Glyph id="w2392g1">
            <Coords points="1132,2632 1132,2632 1132,2712 1132,2712"/>
            <TextEquiv index="1" conf="0.999995744228363">
              <Unicode>r</Unicode>
            </TextEquiv>
          </Glyph>
          <Glyph id="w2392g2">
            <Coords points="1155,2632 1155,2632 1155,2712 1155,2712"/>
            <TextEquiv index="1" conf="0.9999920725822449">
              <Unicode>m</Unicode>
            </TextEquiv>
          </Glyph>
          <Glyph id="w2392g3">
            <Coords points="1201,2632 1201,2632 1201,2712 1201,2712"/>
            <TextEquiv index="1" conf="0.9999974608421326">
              <Unicode>e</Unicode>
            </TextEquiv>
          </Glyph>
          <TextEquiv index="1" conf="0.9999342628530157">
            <Unicode>Arme</Unicode>
          </TextEquiv>
        </Word>
        <Word id="w2393">
          <Coords points="1247,2632 1354,2632 1354,2712 1247,2712"/>
          <Glyph id="w2393g0">
            <Coords points="1247,2632 1254,2632 1254,2712 1247,2712"/>
            <TextEquiv index="1" conf="0.9973590493202209">
              <Unicode>i</Unicode>
            </TextEquiv>
          </Glyph>
          <Glyph id="w2393g1">
            <Coords points="1270,2632 1278,2632 1278,2712 1270,2712"/>
            <TextEquiv index="1" conf="0.9949883222579957">
              <Unicode>h</Unicode>
            </TextEquiv>
          </Glyph>
          <Glyph id="w2393g2">
            <Coords points="1301,2632 1308,2632 1308,2712 1301,2712"/>
            <TextEquiv index="1" conf="0.9997791528701783">
              <Unicode>r</Unicode>
            </TextEquiv>
          </Glyph>
          <Glyph id="w2393g3">
            <Coords points="1324,2632 1331,2632 1331,2712 1324,2712"/>
            <TextEquiv index="1" conf="0.9999102294445038">
              <Unicode>e</Unicode>
            </TextEquiv>
          </Glyph>
          <Glyph id="w2393g4">
            <Coords points="1347,2632 1354,2632 1354,2712 1347,2712"/>
            <TextEquiv index="1" conf="0.9994187772274018">
              <Unicode>s</Unicode>
            </TextEquiv>
          </Glyph>
          <TextEquiv index="1" conf="0.9914757786551881">
            <Unicode>ihres</Unicode>
          </TextEquiv>
        </Word>
        <Word id="w2394">
          <Coords points="1400,2632 1677,2632 1677,2712 1400,2712"/>
          <Glyph id="w2394g0">
            <Coords points="1400,2632 1408,2632 1408,2712 1400,2712"/>
            <TextEquiv index="1" conf="0.9999774932861327">
              <Unicode>L</Unicode>
            </TextEquiv>
          </Glyph>
          <Glyph id="w2394g1">
            <Coords points="1431,2632 1431,2632 1431,2712 1431,2712"/>
            <TextEquiv index="1" conf="0.9999734997749329">
              <Unicode>i</Unicode>
            </TextEquiv>
          </Glyph>
          <Glyph id="w2394g2">
            <Coords points="1446,2632 1454,2632 1454,2712 1446,2712"/>
            <TextEquiv index="1" conf="0.9999975442886352">
              <Unicode>e</Unicode>
            </TextEquiv>
          </Glyph>
          <Glyph id="w2394g3">
            <Coords points="1470,2632 1477,2632 1477,2712 1470,2712"/>
            <TextEquiv index="1" conf="0.9999745845794678">
              <Unicode>b</Unicode>
            </TextEquiv>
          </Glyph>
          <Glyph id="w2394g4">
            <Coords points="1500,2632 1508,2632 1508,2712 1500,2712"/>
            <TextEquiv index="1" conf="0.9997245430946351">
              <Unicode>h</Unicode>
            </TextEquiv>
          </Glyph>
          <Glyph id="w2394g5">
            <Coords points="1531,2632 1539,2632 1539,2712 1531,2712"/>
            <TextEquiv index="1" conf="0.9999843955039979">
              <Unicode>a</Unicode>
            </TextEquiv>
          </Glyph>
          <Glyph id="w2394g6">
            <Coords points="1562,2632 1569,2632 1569,2712 1562,2712"/>
            <TextEquiv index="1" conf="0.9999978065490722">
              <Unicode>b</Unicode>
            </TextEquiv>
          </Glyph>
          <Glyph id="w2394g7">
            <Coords points="1592,2632 1592,2632 1592,2712 1592,2712"/>
            <TextEquiv index="1" conf="0.999999725818634">
              <Unicode>e</Unicode>
            </TextEquiv>
          </Glyph>
          <Glyph id="w2394g8">
            <Coords points="1615,2632 1615,2632 1615,2712 1615,2712"/>
            <TextEquiv index="1" conf="0.9999964594841003">
              <Unicode>r</Unicode>
            </TextEquiv>
          </Glyph>
          <Glyph id="w2394g9">
            <Coords points="1639,2632 1646,2632 1646,2712 1639,2712"/>
            <TextEquiv index="1" conf="0.9999431908130645">
              <Unicode>s</Unicode>
            </TextEquiv>
          </Glyph>
          <Glyph id="w2394g10">
            <Coords points="1669,2632 1677,2632 1677,2712 1669,2712"/>
            <TextEquiv index="1" conf="0.9999380648136139">
              <Unicode>.</Unicode>
            </TextEquiv>
          </Glyph>
          <TextEquiv index="1" conf="0.9995073868421506">
            <Unicode>Liebhabers.</Unicode>
          </TextEquiv>
        </Word>
        <TextEquiv index="1" conf="0.9977073660710962">
          <Unicode>thür hinaus in die Arme ihres Liebhabers.</Unicode>
        </TextEquiv>
      </TextLine>
      <TextLine id="r1_l029">
        <Coords points="1424,2801 1424,2800 1425,2799 1807,2799 1807,2741 1806,2740 1806,2739 1806,2738 1782,2738 1780,2736 1770,2736 1767,2733 1753,2733 1752,2733 1752,2721 1751,2719 1750,2719 1749,2718 1728,2718 1727,2717 1695,2717 1693,2715 1692,2716 1692,2717 1691,2718 1127,2718 1125,2716 1124,2716 1123,2717 1121,2717 1119,2719 881,2719 879,2721 676,2721 675,2722 673,2722 672,2723 671,2723 664,2730 664,2731 663,2732 609,2732 608,2733 608,2736 609,2736 631,2736 631,2737 631,2788 633,2789 635,2789 635,2737 636,2736 653,2736 653,2737 653,2757 654,2758 654,2759 655,2760 655,2761 656,2761 657,2761 658,2762 660,2762 661,2763 672,2763 672,2764 672,2773 673,2774 673,2777 677,2780 1061,2780 1061,2781 1061,2786 1062,2786 1416,2786 1416,2787 1416,2799 1417,2799 1418,2799 1419,2800 1421,2800 1422,2801 1424,2801"/>
        <Word id="w2395">
          <Coords points="666,2715 837,2715 837,2801 666,2801"/>
          <Glyph id="w2395g0">
            <Coords points="666,2715 673,2715 673,2801 666,2801"/>
            <TextEquiv index="1" conf="0.9999933481216431">
              <Unicode>H</Unicode>
            </TextEquiv>
          </Glyph>
          <Glyph id="w2395g1">
            <Coords points="726,2715 733,2715 733,2801 726,2801"/>
            <TextEquiv index="1" conf="0.9999609053134918">
              <Unicode>e</Unicode>
            </TextEquiv>
          </Glyph>
          <Glyph id="w2395g2">
            <Coords points="763,2715 770,2715 770,2801 763,2801"/>
            <TextEquiv index="1" conf="0.9998346507549287">
              <Unicode>n</Unicode>
            </TextEquiv>
          </Glyph>
          <Glyph id="w2395g3">
            <Coords points="808,2715 815,2715 815,2801 808,2801"/>
            <TextEquiv index="1" conf="0.9998221755027771">
              <Unicode>r</Unicode>
            </TextEquiv>
          </Glyph>
          <Glyph id="w2395g4">
            <Coords points="837,2715 837,2715 837,2801 837,2801"/>
            <TextEquiv index="1" conf="0.9999909400939941">
              <Unicode>.</Unicode>
            </TextEquiv>
          </Glyph>
          <TextEquiv index="1" conf="0.9996020686707903">
            <Unicode>Henr.</Unicode>
          </TextEquiv>
        </Word>
        <Word id="w2396">
          <Coords points="875,2715 927,2715 927,2801 875,2801"/>
          <Glyph id="w2396g0">
            <Coords points="875,2715 890,2715 890,2801 875,2801"/>
            <TextEquiv index="1" conf="0.9999956727027892">
              <Unicode>J</Unicode>
            </TextEquiv>
          </Glyph>
          <Glyph id="w2396g1">
            <Coords points="927,2715 927,2715 927,2801 927,2801"/>
            <TextEquiv index="1" conf="0.9999125301837921">
              <Unicode>a</Unicode>
            </TextEquiv>
          </Glyph>
          <TextEquiv index="1" conf="0.9999082032650892">
            <Unicode>Ja</Unicode>
          </TextEquiv>
        </Word>
        <Word id="w2397">
          <Coords points="994,2715 1054,2715 1054,2801 994,2801"/>
          <Glyph id="w2397g0">
            <Coords points="994,2715 1054,2715 1054,2801 994,2801"/>
            <TextEquiv index="1" conf="0.9997907102108001">
              <Unicode>-</Unicode>
            </TextEquiv>
          </Glyph>
          <TextEquiv index="1" conf="0.9997907102108001">
            <Unicode>-</Unicode>
          </TextEquiv>
        </Word>
        <Word id="w2398">
          <Coords points="1091,2715 1180,2715 1180,2801 1091,2801"/>
          <Glyph id="w2398g0">
            <Coords points="1091,2715 1098,2715 1098,2801 1091,2801"/>
            <TextEquiv index="1" conf="0.9999871850013733">
              <Unicode>a</Unicode>
            </TextEquiv>
          </Glyph>
          <Glyph id="w2398g1">
            <Coords points="1121,2715 1128,2715 1128,2801 1121,2801"/>
            <TextEquiv index="1" conf="0.9999992728233337">
              <Unicode>b</Unicode>
            </TextEquiv>
          </Glyph>
          <Glyph id="w2398g2">
            <Coords points="1150,2715 1158,2715 1158,2801 1150,2801"/>
            <TextEquiv index="1" conf="0.9999973058700562">
              <Unicode>e</Unicode>
            </TextEquiv>
          </Glyph>
          <Glyph id="w2398g3">
            <Coords points="1180,2715 1180,2715 1180,2801 1180,2801"/>
            <TextEquiv index="1" conf="0.99999703168869">
              <Unicode>r</Unicode>
            </TextEquiv>
          </Glyph>
          <TextEquiv index="1" conf="0.9999807954774506">
            <Unicode>aber</Unicode>
          </TextEquiv>
        </Word>
        <Word id="w2399">
          <Coords points="1225,2715 1292,2715 1292,2801 1225,2801"/>
          <Glyph id="w2399g0">
            <Coords points="1225,2715 1232,2715 1232,2801 1225,2801"/>
            <TextEquiv index="1" conf="0.9999911189079284">
              <Unicode>w</Unicode>
            </TextEquiv>
          </Glyph>
          <Glyph id="w2399g1">
            <Coords points="1270,2715 1277,2715 1277,2801 1270,2801"/>
            <TextEquiv index="1" conf="0.999931812286377">
              <Unicode>i</Unicode>
            </TextEquiv>
          </Glyph>
          <Glyph id="w2399g2">
            <Coords points="1292,2715 1292,2715 1292,2801 1292,2801"/>
            <TextEquiv index="1" conf="0.9998189330101014">
              <Unicode>e</Unicode>
            </TextEquiv>
          </Glyph>
          <TextEquiv index="1" conf="0.999741878764495">
            <Unicode>wie</Unicode>
          </TextEquiv>
        </Word>
        <Word id="w2400">
          <Coords points="1329,2715 1486,2715 1486,2801 1329,2801"/>
          <Glyph id="w2400g0">
            <Coords points="1329,2715 1337,2715 1337,2801 1329,2801"/>
            <TextEquiv index="1" conf="0.9999879240989684">
              <Unicode>k</Unicode>
            </TextEquiv>
          </Glyph>
          <Glyph id="w2400g1">
            <Coords points="1359,2715 1359,2715 1359,2801 1359,2801"/>
            <TextEquiv index="1" conf="0.9998068153858185">
              <Unicode>o</Unicode>
            </TextEquiv>
          </Glyph>
          <Glyph id="w2400g2">
            <Coords points="1381,2715 1389,2715 1389,2801 1381,2801"/>
            <TextEquiv index="1" conf="0.9999993562698365">
              <Unicode>m</Unicode>
            </TextEquiv>
          </Glyph>
          <Glyph id="w2400g3">
            <Coords points="1434,2715 1434,2715 1434,2801 1434,2801"/>
            <TextEquiv index="1" conf="0.9999969124794006">
              <Unicode>m</Unicode>
            </TextEquiv>
          </Glyph>
          <Glyph id="w2400g4">
            <Coords points="1478,2715 1486,2715 1486,2801 1478,2801"/>
            <TextEquiv index="1" conf="0.9999970912933349">
              <Unicode>e</Unicode>
            </TextEquiv>
          </Glyph>
          <TextEquiv index="1" conf="0.9997881032359809">
            <Unicode>komme</Unicode>
          </TextEquiv>
        </Word>
        <Word id="w2401">
          <Coords points="1531,2715 1575,2715 1575,2801 1531,2801"/>
          <Glyph id="w2401g0">
            <Coords points="1531,2715 1538,2715 1538,2801 1531,2801"/>
            <TextEquiv index="1" conf="0.9999994397163391">
              <Unicode>i</Unicode>
            </TextEquiv>
          </Glyph>
          <Glyph id="w2401g1">
            <Coords points="1553,2715 1553,2715 1553,2801 1553,2801"/>
            <TextEquiv index="1" conf="0.9999873995780945">
              <Unicode>c</Unicode>
            </TextEquiv>
          </Glyph>
          <Glyph id="w2401g2">
            <Coords points="1560,2715 1575,2715 1575,2801 1560,2801"/>
            <TextEquiv index="1" conf="0.9999987721443176">
              <Unicode>h</Unicode>
            </TextEquiv>
          </Glyph>
          <TextEquiv index="1" conf="0.9999856114619704">
            <Unicode>ich</Unicode>
          </TextEquiv>
        </Word>
        <Word id="w2402">
          <Coords points="1620,2715 1680,2715 1680,2801 1620,2801"/>
          <Glyph id="w2402g0">
            <Coords points="1620,2715 1627,2715 1627,2801 1620,2801"/>
            <TextEquiv index="1" conf="0.9999662697315216">
              <Unicode>ʒ</Unicode>
            </TextEquiv>
          </Glyph>
          <Glyph id="w2402g1">
            <Coords points="1642,2715 1650,2715 1650,2801 1642,2801"/>
            <TextEquiv index="1" conf="0.9999910593032837">
              <Unicode>u</Unicode>
            </TextEquiv>
          </Glyph>
          <Glyph id="w2402g2">
            <Coords points="1672,2715 1680,2715 1680,2801 1672,2801"/>
            <TextEquiv index="1" conf="0.9999940156936646">
              <Unicode>r</Unicode>
            </TextEquiv>
          </Glyph>
          <TextEquiv index="1" conf="0.9999513452853963">
            <Unicode>ʒur</Unicode>
          </TextEquiv>
        </Word>
        <Word id="w2403">
          <Coords points="1724,2715 1806,2715 1806,2801 1724,2801"/>
          <Glyph id="w2403g0">
            <Coords points="1724,2715 1724,2715 1724,2801 1724,2801"/>
            <TextEquiv index="1" conf="0.9999862670898438">
              <Unicode>h</Unicode>
            </TextEquiv>
          </Glyph>
          <Glyph id="w2403g1">
            <Coords points="1754,2715 1754,2715 1754,2801 1754,2801"/>
            <TextEquiv index="1" conf="0.999998688697815">
              <Unicode>i</Unicode>
            </TextEquiv>
          </Glyph>
          <Glyph id="w2403g2">
            <Coords points="1769,2715 1776,2715 1776,2801 1769,2801"/>
            <TextEquiv index="1" conf="0.9999981164932251">
              <Unicode>n</Unicode>
            </TextEquiv>
          </Glyph>
          <Glyph id="w2403g3">
            <Coords points="1799,2715 1806,2715 1806,2801 1799,2801"/>
            <TextEquiv index="1" conf="0.9998240768909452">
              <Unicode>-</Unicode>
            </TextEquiv>
          </Glyph>
          <TextEquiv index="1" conf="0.999807152196142">
            <Unicode>hin-</Unicode>
          </TextEquiv>
        </Word>
        <TextEquiv index="1" conf="0.9999495399625676">
          <Unicode>Henr. Ja - aber wie komme ich ʒur hin-</Unicode>
        </TextEquiv>
      </TextLine>
      <TextLine id="r1_l030">
        <Coords points="546,2879 1364,2879 1364,2790 546,2790 546,2879"/>
        <Word id="w2404">
          <Coords points="585,2790 663,2790 663,2879 585,2879"/>
          <Glyph id="w2404g0">
            <Coords points="585,2790 593,2790 593,2879 585,2879"/>
            <TextEquiv index="1" conf="0.9997472643852234">
              <Unicode>t</Unicode>
            </TextEquiv>
          </Glyph>
          <Glyph id="w2404g1">
            <Coords points="608,2790 616,2790 616,2879 608,2879"/>
            <TextEquiv index="1" conf="0.9999938130378723">
              <Unicode>e</Unicode>
            </TextEquiv>
          </Glyph>
          <Glyph id="w2404g2">
            <Coords points="632,2790 640,2790 640,2879 632,2879"/>
            <TextEquiv index="1" conf="0.9999313175678253">
              <Unicode>r</Unicode>
            </TextEquiv>
          </Glyph>
          <Glyph id="w2404g3">
            <Coords points="656,2790 663,2790 663,2879 656,2879"/>
            <TextEquiv index="1" conf="0.9999863028526306">
              <Unicode>n</Unicode>
            </TextEquiv>
          </Glyph>
          <TextEquiv index="1" conf="0.9996587216775312">
            <Unicode>tern</Unicode>
          </TextEquiv>
        </Word>
        <Word id="w2405">
          <Coords points="711,2790 986,2790 986,2879 711,2879"/>
          <Glyph id="w2405g0">
            <Coords points="711,2790 711,2790 711,2879 711,2879"/>
            <TextEquiv index="1" conf="0.9998156368732453">
              <Unicode>G</Unicode>
            </TextEquiv>
          </Glyph>
          <Glyph id="w2405g1">
            <Coords points="758,2790 766,2790 766,2879 758,2879"/>
            <TextEquiv index="1" conf="0.9999827504158021">
              <Unicode>a</Unicode>
            </TextEquiv>
          </Glyph>
          <Glyph id="w2405g2">
            <Coords points="789,2790 797,2790 797,2879 789,2879"/>
            <TextEquiv index="1" conf="0.9998541176319122">
              <Unicode>r</Unicode>
            </TextEquiv>
          </Glyph>
          <Glyph id="w2405g3">
            <Coords points="813,2790 821,2790 821,2879 813,2879"/>
            <TextEquiv index="1" conf="0.9999109268188476">
              <Unicode>t</Unicode>
            </TextEquiv>
          </Glyph>
          <Glyph id="w2405g4">
            <Coords points="837,2790 845,2790 845,2879 837,2879"/>
            <TextEquiv index="1" conf="0.9999992012977601">
              <Unicode>e</Unicode>
            </TextEquiv>
          </Glyph>
          <Glyph id="w2405g5">
            <Coords points="860,2790 860,2790 860,2879 860,2879"/>
            <TextEquiv index="1" conf="0.9999968528747558">
              <Unicode>n</Unicode>
            </TextEquiv>
          </Glyph>
          <Glyph id="w2405g6">
            <Coords points="892,2790 900,2790 900,2879 892,2879"/>
            <TextEquiv index="1" conf="0.9999715209007263">
              <Unicode>t</Unicode>
            </TextEquiv>
          </Glyph>
          <Glyph id="w2405g7">
            <Coords points="908,2790 915,2790 915,2879 908,2879"/>
            <TextEquiv index="1" conf="0.9999409198760987">
              <Unicode>h</Unicode>
            </TextEquiv>
          </Glyph>
          <Glyph id="w2405g8">
            <Coords points="947,2790 947,2790 947,2879 947,2879"/>
            <TextEquiv index="1" conf="0.9987696588039399">
              <Unicode>ü</Unicode>
            </TextEquiv>
          </Glyph>
          <Glyph id="w2405g9">
            <Coords points="978,2790 986,2790 986,2879 978,2879"/>
            <TextEquiv index="1" conf="0.999953442811966">
              <Unicode>r</Unicode>
            </TextEquiv>
          </Glyph>
          <TextEquiv index="1" conf="0.9981958652303667">
            <Unicode>Gartenthür</Unicode>
          </TextEquiv>
        </Word>
        <Word id="w2406">
          <Coords points="1018,2790 1215,2790 1215,2879 1018,2879"/>
          <Glyph id="w2406g0">
            <Coords points="1018,2790 1026,2790 1026,2879 1018,2879"/>
            <TextEquiv index="1" conf="0.999989664554596">
              <Unicode>h</Unicode>
            </TextEquiv>
          </Glyph>
          <Glyph id="w2406g1">
            <Coords points="1049,2790 1057,2790 1057,2879 1049,2879"/>
            <TextEquiv index="1" conf="0.9999955415725708">
              <Unicode>i</Unicode>
            </TextEquiv>
          </Glyph>
          <Glyph id="w2406g2">
            <Coords points="1065,2790 1073,2790 1073,2879 1065,2879"/>
            <TextEquiv index="1" conf="0.9999959588050843">
              <Unicode>n</Unicode>
            </TextEquiv>
          </Glyph>
          <Glyph id="w2406g3">
            <Coords points="1104,2790 1104,2790 1104,2879 1104,2879"/>
            <TextEquiv index="1" conf="0.9923038542270661">
              <Unicode>a</Unicode>
            </TextEquiv>
          </Glyph>
          <Glyph id="w2406g4">
            <Coords points="1128,2790 1136,2790 1136,2879 1128,2879"/>
            <TextEquiv index="1" conf="0.9999910235404968">
              <Unicode>u</Unicode>
            </TextEquiv>
          </Glyph>
          <Glyph id="w2406g5">
            <Coords points="1167,2790 1167,2790 1167,2879 1167,2879"/>
            <TextEquiv index="1" conf="0.9999922990798951">
              <Unicode>s</Unicode>
            </TextEquiv>
          </Glyph>
          <Glyph id="w2406g6">
            <Coords points="1207,2790 1215,2790 1215,2879 1207,2879"/>
            <TextEquiv index="1" conf="0.9488998174667359">
              <Unicode>?</Unicode>
            </TextEquiv>
          </Glyph>
          <TextEquiv index="1" conf="0.9415635081961626">
            <Unicode>hinaus?</Unicode>
          </TextEquiv>
        </Word>
        <TextEquiv index="1" conf="0.9973444192305855">
          <Unicode>tern Gartenthür hinaus?</Unicode>
        </TextEquiv>
      </TextLine>
    </TextRegion>
  </Page>
</PcGts>
