2479 3508
617 502 804 576 Wilh.
847 502 855 576 O
924 502 1043 576 dafür
1085 502 1128 576 iſt
1179 502 1281 576 ſchon
1349 502 1528 576 geſorgt.
1605 502 1698 576 Hier
1749 502 1792 576 iſt

519 575 584 669 der
625 575 868 669 Schlüſſel.
933 575 1014 669 Jch
1055 575 1152 669 habe
1193 575 1249 669 ihn
1306 575 1436 669 deinem
1517 575 1655 669 Vater
1712 575 1785 669 die-

523 667 577 737 ſen
624 667 810 737 Morgen
857 667 958 737 ſchon
1012 667 1276 737 wegſtipißt.

614 739 794 815 Henr.
831 739 1092 815 Mienchen,
1137 739 1249 815 wenn
1302 739 1339 815 du
1376 739 1496 815 lieber
1533 739 1608 815 mit
1631 739 1788 815 führſt!

607 830 797 900 Wilh.
834 830 907 900 Ach
951 830 1184 900 bewahre!
1228 830 1279 900 -
1301 830 1381 900 wen
1433 830 1549 900 hätte
1586 830 1681 900 denn
1717 830 1776 900 der

517 913 662 985 Onkel
698 913 909 985 hernach,
945 913 982 985 an
1040 913 1098 985 dem
1164 913 1200 985 er
1251 913 1353 985 ſeine
1403 913 1527 985 Galle
1571 913 1774 985 auslaſſen

522 984 714 1062 könnte?
760 984 914 1062 Nein,
952 984 998 1062 ich
1037 984 1129 1062 muß
1190 984 1390 1062 durchaus
1444 984 1475 1062 ʒu
1521 984 1667 1062 Hauſe
1690 984 1790 1062 blei-

522 1069 582 1142 ben
634 1069 709 1142 und
762 1069 829 1142 vor
882 1069 942 1142 dem
1009 1069 1084 1142 Riß
1144 1069 1309 1142 ſtehen.
1377 1069 1452 1142 Jch
1489 1069 1632 1142 nehme
1684 1069 1774 1142 alles

517 1152 598 1225 auf
642 1152 782 1225 mich,
826 1152 922 1225 denn
973 1152 1003 1225 je
1054 1152 1165 1225 mehr
1209 1152 1238 1225 er
1290 1152 1356 1225 auf
1408 1152 1526 1225 micht
1584 1152 1791 1225 ſchmält,

519 1235 621 1304 deſto
672 1235 855 1304 weniger
899 1235 987 1304 haſt
1023 1235 1067 1304 du
1118 1235 1287 1304 hernach
1338 1235 1638 1304 ausʒubaden.
1711 1235 1784 1304 Jch

516 1317 649 1387 mache
705 1317 775 1387 mir
831 1317 900 1387 aus
970 1317 1096 1387 ſeinem
1173 1317 1431 1387 Schimpfen
1487 1317 1640 1387 nichts.
1710 1317 1759 1387 Am

510 1394 629 1466 Ende
673 1394 770 1466 wird
829 1394 866 1466 er
918 1394 1007 1466 doch
1067 1394 1215 1466 wieder
1267 1394 1356 1466 gut.
1430 1394 1482 1466 -
1519 1394 1675 1466 Wiſſen
1742 1394 1787 1466 ſie

514 1475 650 1551 was?
698 1475 882 1551 Nehmen
938 1475 978 1551 ſie
1026 1475 1074 1551 die
1130 1475 1346 1551 Schlüſſel
1386 1475 1418 1551 ʒu
1474 1475 1577 1551 ſich,
1609 1475 1705 1551 Herr
1753 1475 1793 1551 v.

513 1551 854 1630 Buchenhain,
898 1551 972 1630 und
1024 1551 1106 1630 ſeyn
1165 1551 1209 1630 ſie
1269 1551 1320 1630 ein
1380 1551 1506 1630 wenig
1565 1551 1639 1630 vor
1691 1551 1787 1630 ſechs

516 1632 599 1707 Uhr
644 1632 675 1707 da
750 1632 803 1707 Es
848 1632 894 1707 iſt
932 1632 1090 1707 beſſer,
1128 1632 1173 1707 ſie
1219 1632 1377 1707 warten
1423 1632 1498 1707 auf
1528 1632 1778 1707 Henrietten

511 1721 575 1797 als
624 1721 851 1797 Henriette
901 1721 979 1797 auf
1015 1721 1057 1797 ſie
1100 1721 1284 1797 wartet.
1299 1721 1355 1797 -
1384 1721 1462 1797 Und
1504 1721 1590 1797 jetʒt
1611 1721 1788 1797 marſch!

510 1798 573 1868 -
594 1798 671 1868 wir
712 1798 859 1868 dürfen
915 1798 970 1868 dem
1040 1798 1158 1868 Alten
1207 1798 1340 1868 keinen
1375 1798 1639 1868 Augenblick
1674 1798 1786 1868 mehr

513 1886 693 1946 trauen.
765 1886 861 1946 (Sie
903 1886 1035 1946 nimmt
1089 1886 1293 1946 Henrietten
1335 1886 1437 1946 unter
1479 1886 1527 1946 den
1587 1886 1653 1946 Arm
1713 1886 1779 1946 und

509 1964 616 2024 führt
649 1964 682 2024 ſie
722 1964 815 2024 durch
861 1964 934 2024 eine
980 1964 1206 2024 Seitenthür
1246 1964 1306 2024 ab.
1319 1964 1325 2024 )

614 2026 909 2109 Buchenh.
948 2026 1025 2109 (ihr
1056 2026 1297 2109 nachrufend.
1312 2026 1320 2109 )
1359 2026 1444 2109 Auf
1476 2026 1794 2109 Wiederſehen,

516 2118 683 2208 Engel!
736 2118 789 2208 -
835 2118 956 2208 (durch
1002 2118 1047 2208 die
1093 2118 1343 2208 Mittelthüre
1373 2118 1434 2208 ab.
1449 2118 1457 2208 )

526 2555 727 2654 Baron
784 2555 1131 2654 Roſenthal
1179 2555 1211 2654 in
1260 2555 1607 2654 Reiſekleidern,
1655 2555 1800 2654 allein,

848 2649 880 2723 er
928 2649 1024 2723 ſieht
1072 2649 1135 2723 ſich
1191 2649 1367 2723 überall
1399 2649 1487 2723 um.

968 2451 1338 2507 Straße.

735 2256 1115 2404 Fünfter
1199 2256 1636 2404 Auftritt.

627 2740 741 2825 Hm!
782 2740 920 2825 klüger
960 2740 1090 2825 wär's
1139 2740 1220 2825 doch
1269 2740 1383 2825 wohl
1423 2740 1643 2825 geweſen,
1675 2740 1781 2825 wenn

523 2819 574 2893 ich
618 2819 676 2893 den
734 2819 1060 2893 Lohnbedienten
1111 2819 1438 2893 mitgenommen
1489 2819 1634 2893 hätte.
1670 2819 1779 2893 Man

530 2911 646 2986 ſollte
693 2911 855 2986 freylich
901 2911 1087 2986 denken,
1125 2911 1218 2986 man
1264 2911 1458 2986 brauchte
1504 2911 1635 2986 keinen
1674 2911 1798 2986 Weg-
