2479 3508
597 480 760 560 weiſer,
788 480 902 560 wenn
958 480 1043 560 man
1100 480 1150 560 die
1192 480 1419 560 Wohnung
1468 480 1518 560 der
1553 480 1823 560 ʒukünftigen

586 553 772 632 ſchönern
850 553 990 632 Hälſte
1036 553 1161 632 ſeiner
1215 553 1402 632 Exiſtenʒ
1456 553 1681 632 aufſucht;
1736 553 1821 632 man

581 632 689 710 ſollte
747 632 963 710 glauben,
1013 632 1042 710 da
1107 632 1243 710 müßte
1294 632 1394 710 einem
1459 632 1524 710 das
1582 632 1690 710 Herʒ
1740 632 1805 710 ʒum

585 714 812 791 Lohnlakey
862 714 1025 791 dienen,
1061 714 1132 791 und
1189 714 1267 791 man
1324 714 1459 791 müßte
1501 714 1530 791 es
1572 714 1629 791 dem
1686 714 1828 791 Hauſe

588 796 697 871 gleich
741 796 778 871 an
829 796 895 871 der
931 796 1268 871 Phyſiognomie
1304 796 1473 871 anſehen
1524 796 1721 871 können,
1758 796 1831 871 das

585 868 697 948 einen
749 868 772 948 ſo
824 868 1026 948 koſtbaren
1078 868 1227 948 Schatʒ
1265 868 1287 948 in
1339 868 1399 948 ſich
1444 868 1631 948 enthält.
1661 868 1720 948 -
1735 868 1832 948 Sa-

593 959 779 1030 ckerlot!
829 959 887 1030 -
937 959 1023 1030 was
1066 959 1109 1030 ich
1173 959 1202 1030 da
1259 959 1338 1030 auf
1388 959 1545 1030 einmal
1603 959 1667 1030 ſür
1717 959 1832 1030 einen

590 1037 794 1113 Schwall
831 1037 896 1113 von
947 1037 1100 1113 ſchönen
1165 1037 1377 1113 Gedanken
1442 1037 1733 1113 ausgehaucht
1770 1037 1843 1113 ha-

593 1118 669 1199 be!
708 1118 907 1199 Schade,
945 1118 1014 1199 daß
1060 1118 1106 1199 ich
1168 1118 1290 1199 meine
1352 1118 1566 1199 Tabletten
1620 1118 1727 1199 nicht
1766 1118 1835 1199 bey

593 1198 673 1278 mir
713 1198 834 1278 habe.
906 1198 987 1278 Die
1043 1198 1284 1278 ʒukünftige
1324 1198 1501 1278 ſchönere
1558 1198 1702 1278 Hälfte
1751 1198 1855 1278 mei-

591 1279 658 1352 ner
703 1279 928 1352 Exiſtenʒ,
980 1279 1040 1352 das
1092 1279 1205 1352 Haus
1257 1279 1332 1352 mit
1384 1279 1437 1352 der
1482 1279 1849 1352 Phiſiognomie,

602 1362 677 1439 und
722 1362 782 1439 das
827 1362 932 1439 Herʒ
970 1362 1030 1439 als
1090 1362 1360 1439 Lohnlakey;
1405 1362 1487 1439 was
1547 1362 1615 1439 das
1660 1362 1727 1439 für
1780 1362 1832 1439 ein

604 1438 818 1511 herrliches
864 1438 1094 1511 Madrigal
1132 1438 1155 1511 in
1208 1438 1254 1511 ein
1315 1438 1706 1511 Muſenalmanach
1752 1438 1851 1511 gäb,

603 1520 715 1593 wenn
764 1520 792 1593 es
841 1520 945 1593 einer
994 1520 1162 1593 unſerer
1204 1520 1608 1593 Dutʒend-Poeten
1657 1520 1685 1593 in
1741 1520 1846 1593 Rei-

605 1592 662 1671 me
704 1592 896 1671 brächte!
938 1592 988 1671 -
1031 1592 1080 1671 (er
1123 1592 1201 1671 ſieht
1237 1592 1286 1671 ſich
1329 1592 1449 1671 wieder
1485 1592 1563 1671 um.
1577 1592 1584 1671 )
1627 1592 1719 1671 Der
1762 1592 1847 1671 Be-

603 1679 836 1753 ſchreibung
883 1679 968 1753 nach
1015 1679 1108 1753 kann
1155 1679 1201 1753 ich
1248 1679 1349 1753 nicht
1388 1679 1481 1753 weit
1512 1679 1574 1753 vom
1629 1679 1854 1753 Sachaui-

614 1757 707 1833 ſchen
777 1757 917 1833 Hauſe
964 1757 1089 1833 ſeyn,
1151 1757 1221 1833 und
1283 1757 1524 1833 gleichwohl
1579 1757 1727 1833 bleibts
1766 1757 1851 1833 hier

616 1842 695 1915 (auf
730 1842 787 1915 das
830 1842 916 1915 Herʒ
937 1842 1116 1915 fühlend)
1166 1842 1266 1915 ganʒ
1301 1842 1444 1915 ruhig.
1480 1842 1708 1915 Entweder
1737 1842 1837 1915 mein

616 1917 800 1998 Magnet
861 1917 984 1998 taugt
1038 1917 1137 1998 nicht
1191 1917 1306 1998 viel,
1360 1917 1444 1998 oder
1498 1917 1537 1998 es
1590 1917 1690 1998 giebt
1744 1917 1843 1998 keine

609 2007 903 2090 Ahndungen.
941 2007 994 2090 -
1039 2007 1356 2090 Buchenhain!
1394 2007 1454 2090 -

675 2301 864 2381 Baron
919 2301 1289 2381 Roſenthal.
1336 2301 1383 2381 v.
1423 2301 1817 2381 Buchenhain.

797 2141 1191 2263 Sechſter
1293 2141 1725 2263 Auftritt.

716 2410 1009 2478 Buchenh.
1044 2410 1130 2478 (eilt
1159 2410 1180 2478 in
1237 2410 1323 2478 ſeine
1373 2410 1494 2478 Arme.
1515 2410 1523 2478 )
1565 2410 1694 2478 Lieber
1744 2410 1844 2478 Her-

632 2485 918 2577 ʒensfreund!
963 2485 1016 2577 -
1061 2485 1128 2577 Du
1189 2485 1301 2577 hier?
1361 2485 1414 2577 -
1452 2485 1527 2577 und
1564 2485 1632 2577 das
1670 2485 1760 2577 muß
1805 2485 1843 2577 ich

629 2570 706 2643 erſt
744 2570 822 2643 jetʒt
860 2570 1092 2643 erfahren?

726 2637 1026 2724 Roſenth.
1059 2637 1115 2724 Ja
1156 2637 1277 2724 liebes
1310 2637 1610 2724 Brüderchen!
1650 2637 1707 2724 das
1740 2637 1845 2724 mußt

633 2719 676 2813 du
727 2719 805 2813 mir
848 2719 950 2813 nicht
1002 2719 1096 2813 übel
1131 2719 1336 2813 nehmen.
1405 2719 1474 2813 Jch
1534 2719 1628 2813 weis
1671 2719 1697 2813 es
1757 2719 1860 2813 ſelbſt
