2479 3508
399 474 481 569 erſt
522 474 588 569 ſeit
629 474 735 569 einer
801 474 1153 569 Viertelſiunde.
1218 474 1284 569 So
1333 474 1423 569 lang
1489 474 1579 569 kann
1636 474 1661 569 es

393 567 617 642 ungefähr
664 567 795 642 ſeyn,
842 567 904 642 daß
958 567 997 642 ich
1043 567 1105 642 ʒum
1175 567 1283 642 Thor
1329 567 1608 642 hereinfuhr.

501 646 807 728 Buchenh.
845 646 922 728 Und
983 646 1036 728 wo
1105 646 1190 728 haſt
1243 646 1281 728 du
1343 646 1412 728 dich
1465 646 1557 728 denn
1618 646 1672 728 die

403 726 532 805 ganʒe
570 726 668 805 liebe
699 726 820 805 lange
858 726 949 805 Ʒeit
971 726 1070 805 über
1092 726 1494 805 herumgetrieben?
1532 726 1675 805 Weißt

402 812 449 892 du
496 812 638 892 wohl,
677 812 740 892 daß
795 812 827 892 es
874 812 1102 892 komplette
1149 812 1243 892 fünf
1275 812 1416 892 Jahre
1463 812 1581 892 ſind,
1613 812 1684 892 ſeit

403 892 484 973 wir
529 892 595 973 uns
647 892 676 973 in
735 892 956 973 Hamburg
1015 892 1265 973 verlieſſen?

515 968 819 1058 Roſenth.
860 968 868 1058 O
933 968 958 1058 ja
1007 968 1114 1058 recht
1155 968 1245 1058 gut.
1286 968 1360 1058 Jch
1393 968 1475 1058 war
1499 968 1672 1058 indeſſen

414 1054 444 1141 in
504 1054 813 1141 Amſterdam,
858 1054 881 1141 in
956 1054 1167 1141 London,
1220 1054 1242 1141 in
1303 1054 1483 1141 Paris,
1536 1054 1566 1141 in
1627 1054 1687 1141 der

412 1136 651 1212 Schweiʒ,
695 1136 733 1212 am
807 1136 994 1212 Rhein,
1031 1136 1105 1212 und
1150 1136 1239 1212 jetʒt
1277 1136 1433 1212 komme
1485 1136 1523 1212 ich
1575 1136 1687 1212 gera-

412 1218 604 1296 deswegs
668 1218 740 1296 von
804 1218 996 1296 Berlin,
1053 1218 1103 1296 wo
1174 1218 1217 1296 ich
1281 1218 1374 1296 mich
1430 1218 1680 1296 anderthalb

419 1299 566 1393 Jahre
606 1299 696 1393 lang
753 1299 1030 1393 auſgehalten
1087 1299 1225 1393 habe.
1282 1299 1290 1393 O
1372 1299 1469 1393 mein
1535 1299 1697 1393 liebes,

426 1380 550 1454 liebes
596 1380 790 1454 Berlin!

524 1452 836 1545 Buchenh.
880 1452 1010 1545 Wenn
1062 1452 1097 1545 du
1149 1452 1262 1545 wirſt
1305 1452 1531 1545 anderhalb
1583 1452 1704 1545 Jah-

431 1542 463 1624 re
503 1542 584 1624 hier
633 1542 883 1624 ʒugebracht
923 1542 1092 1624 haben,
1141 1542 1165 1624 ſo
1222 1542 1326 1624 ſagſt
1359 1542 1391 1624 du
1448 1542 1577 1624 gewiß
1625 1542 1698 1624 mit

422 1623 510 1713 eben
574 1623 606 1713 ſo
662 1623 814 1713 großen
878 1623 1286 1713 Enthuſiasmus:
1342 1623 1350 1713 O
1438 1623 1502 1713 das
1566 1623 1702 1713 liebe,

431 1707 527 1781 liebe
568 1707 729 1781 Wien!

527 1771 834 1870 Roſenth.
861 1771 969 1870 Das
1023 1771 1177 1870 glaub'
1204 1771 1249 1870 ich
1276 1771 1402 1870 auch.
1438 1771 1510 1870 Du
1556 1771 1700 1870 kannſt

436 1868 489 1949 dir
534 1868 641 1949 nicht
671 1868 891 1949 vorſtellen
944 1868 1013 1949 wie
1073 1868 1240 1949 begierig
1301 1868 1346 1949 ich
1415 1868 1521 1949 bin,
1574 1868 1688 1949 Wien

429 1947 579 2018 kennen
629 1947 658 2018 ʒu
715 1947 894 2018 lernen;
944 1947 980 2018 ich
1030 1947 1130 2018 habe
1180 1947 1251 2018 mir
1287 1947 1323 2018 es
1373 1947 1451 2018 mit
1480 1947 1587 2018 Fleiß
1630 1947 1702 2018 auf

434 2029 487 2111 die
531 2029 613 2111 letʒt
658 2029 897 2111 verſpart;
949 2029 1046 2111 aber
1098 2029 1188 2111 du,
1240 2029 1300 2111 der
1360 2029 1389 2111 du
1464 2029 1561 2111 ſchon
1628 2029 1695 2111 ſeit

438 2108 566 2182 vielen
622 2108 790 2182 Jahren
854 2108 933 2182 hier
997 2108 1229 2182 vegetirſt,
1285 2108 1317 2182 du
1389 2108 1580 2182 könnteſt
1628 2108 1708 2182 mir

436 2193 561 2270 wohl
598 2193 702 2270 einen
761 2193 930 2270 Begriff
967 2193 1092 2270 davon
1144 2193 1292 2270 geben.

539 2268 831 2365 Buchenh.
872 2268 1019 2365 Gern.
1051 2268 1181 2365 Frage
1222 2268 1311 2365 mich
1360 2268 1474 2365 nur,
1523 2268 1604 2365 was
1653 2268 1694 2365 du

446 2358 578 2433 wiſſen
635 2358 783 2433 willſt.

543 2427 833 2526 Roſenth.
875 2427 958 2526 Ʒum
1007 2427 1248 2526 Exempel:
1290 2427 1389 2526 Wie
1414 2427 1497 2526 ſind
1522 2427 1572 2526 die
1605 2427 1713 2526 Sit-

465 2525 527 2588 ten
576 2525 693 2588 hier?

547 2579 842 2685 Buchenh.
875 2579 1077 2685 Sitten?
1111 2579 1153 2685 -
1178 2579 1254 2685 Jch
1279 2579 1456 2685 glaube,
1498 2579 1531 2685 du
1573 2579 1716 2685 treibſt

448 2682 582 2766 deinen
632 2682 703 2766 gnä
752 2682 830 2766 igen
880 2682 1007 2766 Spaß
1064 2682 1135 2766 mit
1170 2682 1305 2766 deinem
1369 2682 1702 2766 unterthänigen

454 2761 667 2849 Diener!
713 2761 804 2849 Von
873 2761 1002 2849 Paris
1063 2761 1139 2849 und
1193 2761 1337 2849 Berlin
1413 2761 1444 2849 ʒu
1505 2761 1687 2849 kommen

464 2852 539 2919 und
584 2852 674 2919 nach
719 2852 868 2919 Sitten
921 2852 943 2919 ʒu
996 2852 1175 2919 fragen!
