2479 3508
673 475 968 550 Noſenth.
1011 475 1078 550 Du
1137 475 1222 550 haſt
1272 475 1433 550 Recht;
1492 475 1534 550 ich
1576 475 1695 550 hätte
1737 475 1821 550 mich

574 555 682 630 eines
733 555 877 630 Worts
920 555 1021 630 nicht
1071 555 1259 630 bedienen
1309 555 1468 630 ſollen,
1511 555 1576 630 das
1626 555 1655 630 ſo
1706 555 1828 630 lange

580 639 678 714 ſchon
731 639 806 714 aus
844 639 904 714 der
957 639 1092 714 Mode
1153 639 1379 714 gekommen
1446 639 1514 714 iſt.
1567 639 1695 714 Alſo:
1748 639 1816 714 wie

574 714 621 785 iſt
661 714 723 785 der
762 714 841 785 Ton
888 714 1013 785 hier?

673 797 964 881 Buchenh.
1000 797 1066 881 So
1109 797 1182 881 frey
1233 797 1313 881 und
1356 797 1712 881 ungeʒwungen,
1756 797 1814 881 als

580 880 697 964 man.
725 880 780 964 ihn
835 880 911 964 nur
952 880 1096 964 immer
1138 880 1344 964 wünſchen
1399 880 1537 964 kann;
1585 880 1682 964 jeder
1730 880 1819 964 thut

580 958 665 1038 was
708 958 736 1038 er
779 958 893 1038 will,
935 958 1006 1038 und
1056 958 1141 1038 läßt
1184 958 1298 1038 andre
1340 958 1518 1038 darüber
1568 958 1703 1038 reden,
1731 958 1817 1038 was

572 1044 623 1123 ſie
675 1044 852 1123 wollen.
904 1044 1332 1123 Liebesintriguien,
1384 1044 1524 1123 welche
1590 1044 1797 1123 insgeheim

579 1123 775 1204 getrieben
832 1123 1028 1204 werden,
1070 1123 1197 1204 ſindet
1232 1123 1316 1204 man
1372 1123 1443 1204 nur
1492 1123 1576 1204 noch
1611 1123 1632 1204 in
1674 1123 1815 1204 unſern

576 1204 857 1279 Komödien;
908 1204 974 1279 und
1026 1204 1284 1279 Verliebte,
1321 1204 1373 1279 die
1409 1204 1468 1279 ihr
1513 1204 1616 1279 Herʒ
1660 1204 1690 1279 in
1749 1204 1808 1279 den

570 1287 717 1355 Buſen
768 1287 878 1355 ihrer
922 1287 1185 1355 Vertrauten
1229 1287 1544 1355 ausſchütten,
1580 1287 1610 1355 in
1661 1287 1822 1355 Tragö-

571 1367 699 1439 dien,
741 1367 791 1439 die
833 1367 918 1439 aber
975 1367 1074 1439 nicht
1117 1367 1280 1439 einmal
1329 1367 1443 1439 mehr
1499 1367 1670 1439 geſpielt
1719 1367 1825 1439 wer-

578 1451 666 1514 den.
709 1451 753 1514 Um
826 1451 921 1514 fünf
958 1451 1038 1514 Uhr
1082 1451 1199 1514 dankt
1243 1451 1324 1514 eine
1368 1451 1514 1514 Dame
1558 1451 1667 1514 ihren
1719 1451 1828 1514 Lieb-

572 1531 701 1596 haber
744 1531 822 1596 ab;
865 1531 908 1596 um
973 1531 1059 1596 halb
1102 1531 1195 1596 ſechs
1252 1531 1331 1596 Uhr
1374 1531 1567 1596 enrollirt
1610 1531 1653 1596 ſie
1703 1531 1810 1596 einen

576 1607 753 1684 neuen,
798 1607 834 1684 um
908 1607 997 1684 ſechs
1048 1607 1122 1684 Uhr
1159 1607 1277 1684 führt
1321 1607 1366 1684 ſie
1403 1607 1462 1684 ihn
1513 1607 1535 1684 in
1594 1607 1653 1684 den
1712 1607 1823 1684 Pra-

572 1686 659 1758 ter,
703 1686 746 1758 um
812 1686 928 1758 ſieben
986 1686 1058 1758 Uhr
1102 1686 1174 1758 in's
1225 1686 1443 1758 Theater;
1486 1686 1530 1758 um
1588 1686 1689 1758 neun
1740 1686 1820 1758 Uhr

579 1767 650 1843 auf
689 1767 744 1843 die
783 1767 987 1843 Baſtey,
1026 1767 1104 1843 und
1151 1767 1190 1843 um
1253 1767 1347 1843 halb
1394 1767 1480 1843 ʒehn
1551 1767 1629 1843 Uhr
1684 1767 1723 1843 iſt
1770 1767 1856 1843 die,

572 1847 692 1925 ganʒe
737 1847 880 1925 Stadt
925 1847 1007 1925 ihre
1052 1847 1322 1925 Vertraute.

674 1923 975 2012 Roſenth.
1014 1923 1109 2012 Das
1165 1923 1259 2012 nenn
1315 1923 1354 2012 ich
1402 1923 1473 2012 mir
1513 1923 1837 2012 Aufklärung!

575 2010 653 2086 Und
710 2010 824 2086 ſolche
874 2010 1201 2086 Verbindungen
1258 2010 1457 2086 dauern?

666 2082 963 2170 Buchenh.
1020 2082 1177 2170 Ewig!
1234 2082 1292 2170 -
1341 2082 1440 2170 Das
1490 2082 1654 2170 heißt,
1712 2082 1827 2170 acht,

574 2169 763 2250 vierʒehn
816 2169 967 2250 Tage,
1005 2169 1088 2250 vier
1133 2169 1352 2250 Wochen:
1398 2169 1481 2250 man
1541 2169 1609 2250 hat
1647 2169 1708 2250 ſich
1768 2169 1829 2250 ſo-

572 2252 646 2324 gar
698 2252 720 2324 ʒu
779 2252 920 2324 ganʒen
979 2252 1343 2324 Vierteljahren;
1387 2252 1483 2324 aber
1528 2252 1580 2324 die
1609 2252 1684 2324 ſind
1721 2252 1817 2324 ſchon

575 2337 711 2404 etwas
754 2337 898 2404 ſelten.
969 2337 1019 2404 Es
1069 2337 1163 2404 geht
1206 2337 1349 2404 unſern
1399 2337 1592 2404 Weibern
1664 2337 1735 2404 mit
1771 2337 1829 2404 ih-

574 2413 635 2483 ren
703 2413 955 2483 Liebhabern
1010 2413 1085 2483 wie
1139 2413 1214 2483 mit
1262 2413 1364 2483 ihren
1432 2413 1678 2483 Kleidern:
1732 2413 1814 2483 man

577 2495 681 2567 wird
733 2495 778 2567 ſie
837 2495 1150 2567 überdrüſſig,
1202 2495 1313 2567 wenn
1380 2495 1462 2567 man
1529 2495 1566 2567 ſie
1625 2495 1655 2567 ʒu
1715 2495 1834 2567 lange

576 2580 725 2664 trägt;
769 2580 851 2664 man
911 2580 985 2664 legt
1030 2580 1074 2664 ſie
1119 2580 1193 2664 alſo
1245 2580 1365 2664 lieber
1409 2580 1476 2664 vor
1521 2580 1580 2664 der
1632 2580 1714 2664 Ʒeit
1751 2580 1833 2664 ab,

574 2671 688 2738 und,
726 2671 789 2738 -

669 2729 973 2817 Roiſenth.
1026 2729 1216 2817 Schenkt
1277 2729 1322 2817 ſie
1383 2729 1444 2817 den
1512 2729 1846 2817 Kammermäd-

575 2818 708 2908 chen,
752 2818 818 2908 das
870 2818 906 2908 ſie
951 2818 1053 2908 dann
1105 2818 1245 2908 immer
1274 2818 1362 2908 noch
1399 2818 1686 2908 anʒubringen
1723 2818 1848 2908 weiß.
