2479 3508
360 502 435 617 Jch
476 502 601 617 merke
642 502 792 617 wohl,
833 502 867 617 es
908 502 950 617 iſt
991 502 1074 617 hier
1116 502 1182 617 wie
1216 502 1398 617 überall.
1432 502 1490 617 -
1523 502 1606 617 Und

356 606 410 665 -
450 606 539 665 eure
586 606 823 665 Männer?

458 679 756 763 Buchenh.
795 679 912 763 Laſſen
967 679 1030 763 ſich
1069 679 1139 763 pro
1171 679 1327 763 Forma
1374 679 1445 763 von
1492 679 1594 763 ihren

363 761 554 851 Weibern
613 761 664 851 bey
723 761 782 851 der
826 761 936 851 Naſe
980 761 1325 851 berumführen,
1370 761 1414 851 um
1480 761 1509 851 ʒu
1553 761 1619 851 ih-

364 849 415 941 ren
473 849 605 941 eignen
656 849 810 941 kleinen
861 849 1241 941 Angelegenheiten
1292 849 1387 941 deſio
1439 849 1614 941 freyeres

1642 936 1650 980 7

364 935 498 1003 Spiel
543 935 572 1003 ʒu
617 935 773 1003 baben.

455 1003 750 1079 Roſenth.
795 1003 917 1079 Tout
955 1003 1135 1079 comme
1186 1003 1289 1079 ches
1321 1003 1469 1079 nous,
1514 1003 1603 1079 mon

357 1088 507 1161 Ami!
548 1088 603 1161 -
637 1088 712 1161 Und
760 1088 849 1161 eure
890 1088 1033 1161 jungen
1088 1088 1286 1161 Herren?

463 1161 772 1255 Buchenh.
813 1161 1014 1255 Wechſeln
1089 1161 1147 1255 des
1206 1161 1339 1255 Tages
1398 1161 1498 1255 ʒwey
1565 1161 1615 1255 bis

367 1257 570 1323 dreymal
611 1257 660 1323 die
709 1257 869 1323 Kleider
911 1257 967 1323 -

469 1325 772 1410 Roſenth.
811 1325 859 1410 Um
923 1325 987 1410 ſich
1034 1325 1138 1410 ihren
1186 1325 1393 1410 Freunden
1433 1325 1505 1410 und
1544 1325 1632 1410 Be-

372 1418 547 1492 kannten
615 1418 770 1492 immer
824 1418 884 1492 neu
952 1418 979 1492 ʒu
1053 1418 1255 1492 machen,
1309 1418 1626 1492 vermuthlich?

376 1491 422 1573 ſie
468 1491 637 1573 könnten
691 1491 791 1573 keine
829 1491 1075 1573 bequemere
1114 1491 1359 1573 Methode.
1382 1491 1574 1573 wählen.

478 1572 785 1656 Buchenb.
824 1572 1031 1656 Beſuchen
1077 1572 1177 1656 recht
1215 1572 1276 1656 oſt
1315 1572 1368 1656 die
1422 1572 1530 1656 Hetʒe
1583 1572 1645 1656 -

473 1653 778 1746 Roſenth.
820 1653 863 1746 Um
930 1653 998 1746 ſich
1049 1653 1108 1746 den
1168 1653 1379 1746 Verſtand
1439 1653 1507 1746 und
1566 1653 1634 1746 das

386 1739 495 1808 Herʒ
534 1739 557 1808 ʒu
612 1739 776 1808 bilden.

475 1811 778 1896 Buchenh.
818 1811 900 1896 Und
957 1811 1031 1896 ſind
1096 1811 1292 1896 übrigens
1349 1811 1406 1896 die
1464 1811 1643 1896 liebens-

382 1895 629 1980 würdigſten
693 1895 940 1980 Wildfänge
988 1895 1060 1980 von
1107 1895 1171 1980 der
1211 1895 1354 1980 Welt.
1426 1895 1498 1980 Jch
1554 1895 1641 1980 ver-

378 1977 517 2050 ſichere
563 1977 670 2050 dich,
717 1977 747 2050 es
793 1977 901 2050 giebt
939 1977 1039 2050 jolis
1086 1977 1262 2050 Coeurs
1316 1977 1439 2050 hier,
1493 1977 1539 2050 die
1601 1977 1631 2050 es

382 2062 452 2139 mit
501 2062 599 2139 jedem
669 2062 866 2139 aimable
929 2062 1133 2139 Etourdi
1182 2062 1203 2139 in
1266 2062 1392 2139 Paris
1455 2062 1638 2139 aufneh-

383 2134 464 2215 men
516 2134 701 2215 können.
775 2134 857 2215 Sie
894 2134 975 2215 ſind
1027 2134 1079 2215 dir
1123 2134 1146 2215 im
1212 2134 1383 2215 Stande
1449 2134 1523 2215 und
1575 2134 1642 2215 he-

387 2219 448 2305 ben
502 2219 609 2305 einem
678 2219 1038 2305 Frauenʒimmer
1084 2219 1152 2305 auf
1191 2219 1328 2305 ſreyer
1367 2219 1543 2305 Straſſe
1573 2219 1635 2305 den

387 2296 477 2378 Hut
521 2296 626 2378 auf,
671 2296 708 2378 um
776 2296 835 2378 ihr
873 2296 933 2378 ins
978 2296 1142 2378 Geſicht
1202 2296 1307 2378 ſehen
1381 2296 1404 2378 ʒu
1471 2296 1651 2378 kennen.

389 2380 472 2462 Und
524 2380 562 2462 ſie
606 2380 681 2462 ſind
726 2380 756 2462 ſo
801 2380 936 2462 kirre,
981 2380 1011 2462 ſo
1070 2380 1295 2462 heimlich;
1347 2380 1460 2462 wenn
1519 2380 1632 2462 ihnen

390 2459 473 2552 eine
526 2459 670 2552 Dame
723 2459 830 2552 einen
898 2459 1050 2552 Finger
1103 2459 1315 2552 erlaubt,
1368 2459 1391 2552 ſo
1459 2459 1626 2552 nehmen

387 2545 434 2616 ſie
481 2545 544 2616 -

487 2617 747 2698 Roſent.
779 2617 917 2698 Den,
958 2617 999 2698 an
1047 2617 1210 2698 welchem
1267 2617 1324 2698 der
1348 2617 1494 2698 größte
1527 2617 1649 2698 Bril-

393 2708 484 2784 lant
525 2708 671 2784 ſteckt;
712 2708 816 2784 nicht
844 2708 983 2784 wahr?
1038 2708 1149 2784 (eſt
1183 2708 1218 2784 ex
1260 2708 1516 2784 actémentc
1585 2708 1641 2784 m-

411 2779 473 2871 me
527 2779 628 2871 ches
674 2779 813 2871 nous.
891 2779 968 2871 Die
1014 2779 1130 2871 Welt
1169 2779 1262 2871 wird
1308 2779 1385 2871 alle
1432 2779 1532 2871 Tage
1563 2779 1648 2871 klü-

411 2863 507 2954 ger,
552 2863 626 2954 und
678 2863 774 2954 jeder
819 2863 915 2954 weis
953 2863 1027 2954 mit
1064 2863 1190 2954 ſeinem
1257 2863 1420 2954 Pfunde
1465 2863 1494 2954 ʒu
1561 2863 1650 2954 wu-
