2479 3508
712 513 848 591 chern.
928 513 1008 591 Die
1056 513 1209 591 Herʒen
1249 513 1385 591 ſteigen
1441 513 1513 591 und
1561 513 1673 591 fallen
1722 513 1746 591 im
1802 513 1970 591 Preiſe,

709 591 739 669 je
782 591 950 669 nachdem
1016 591 1125 669 mehr
1169 591 1256 669 oder
1307 591 1482 669 weniger
1526 591 1723 669 Dukaten
1774 591 1847 669 auf
1876 591 1934 669 dem

711 669 853 746 Platʒe
894 669 995 746 ſind.

807 748 1100 833 Buchenh.
1140 748 1219 833 Und
1267 748 1330 833 der
1370 748 1512 833 Werth
1584 748 1639 833 der
1687 748 1956 833 Goldbörſe,

707 833 803 915 oder
843 833 900 915 die
940 833 1351 915 Schmuckſchachtel
1391 833 1439 915 iſt
1471 833 1681 915 eigentlich
1729 833 1785 915 der
1817 833 1954 915 wahre

708 914 1081 996 Thermometer,
1124 914 1212 996 nach
1256 914 1423 996 welchem
1489 914 1577 996 man
1628 914 1679 996 die
1715 914 1861 996 Grade
1898 914 1956 996 der

707 995 1031 1067 Leidenſchaften
1085 995 1270 1067 abmißt.

801 1055 1087 1143 Roſenth.
1130 1055 1315 1143 Richtig.
1357 1055 1424 1143 Ein
1474 1055 1693 1143 brillanter
1735 1055 1845 1143 Ring
1878 1055 1954 1143 ſetʒt

701 1155 969 1233 natürlicher
1000 1155 1130 1233 Weiſe
1168 1155 1245 1233 eine
1275 1155 1459 1233 ungleich
1489 1155 1795 1233 beſtändigere,
1818 1155 1956 1233 treue-

705 1232 734 1323 re
778 1232 850 1323 und
901 1232 1292 1323 uneigennütʒigere
1343 1232 1452 1323 Liebe
1495 1232 1705 1323 voraus,
1748 1232 1806 1323 als
1850 1232 1951 1323 einer

705 1320 780 1396 mit
824 1320 966 1396 bloßen
1018 1320 1219 1396 Rauten.

804 1378 1101 1471 Buchenh.
1142 1378 1348 1471 Verſteht
1381 1378 1480 1471 ſich!
1521 1378 1579 1471 -
1612 1378 1744 1471 Wenn
1785 1378 1826 1471 du
1859 1378 1958 1471 tau-

704 1471 787 1554 ſend
840 1471 1007 1554 Gulden
1052 1471 1249 1554 anlegſt,
1295 1471 1318 1554 ſo
1363 1471 1507 1554 kannſt
1545 1471 1583 1554 du
1636 1471 1689 1554 dir
1727 1471 1863 1554 damit
1893 1471 1946 1554 ein

698 1549 842 1632 Glück
887 1549 1122 1632 erkaufen,
1167 1549 1205 1632 um
1265 1549 1334 1632 das
1379 1549 1447 1632 dich
1492 1549 1545 1632 die
1583 1549 1704 1632 halbe
1750 1549 1863 1632 Welt
1893 1549 1961 1632 be-

695 1641 837 1704 neiden
883 1641 1012 1704 wird,
1058 1641 1278 1704 diejenigen
1310 1641 1679 1704 ausgenommen,
1725 1641 1776 1704 die
1802 1641 1835 1704 es
1867 1641 1938 1704 von

701 1718 750 1787 dir
799 1718 841 1787 um
903 1718 1036 1787 einige
1085 1718 1287 1787 Dukaten
1335 1718 1517 1787 genoſſen
1565 1718 1726 1787 haben.
1761 1718 1816 1787 -
1865 1718 1949 1787 Ge-

696 1802 857 1867 denk'ſt
901 1802 937 1867 du
981 1802 1054 1867 dich
1098 1802 1215 1867 lange
1251 1802 1331 1867 hier
1375 1802 1696 1867 aufʒuhalten?

794 1879 1089 1960 Roſenth.
1128 1879 1311 1960 Nachdem
1383 1879 1415 1960 es
1463 1879 1598 1960 trifft!
1662 1879 1733 1960 Jch
1789 1879 1845 1960 bin
1900 1879 1956 1960 ei-

701 1957 871 2051 gentlich
920 1957 944 2051 in
993 1957 1099 2051 einer
1139 1957 1212 2051 gar
1253 1957 1537 2051 poſſierlichen
1602 1957 1764 2051 Abſicht
1813 1957 1951 2051 herge-

688 2049 909 2107 kommen.

795 2098 1102 2194 Buchenh.
1135 2098 1217 2194 Und
1259 2098 1317 2194 die
1350 2098 1433 2194 iſt?

796 2191 1093 2277 Roſenth.
1131 2191 1235 2277 Ja,
1272 2191 1339 2277 das
1383 2191 1495 2277 rathe
1539 2191 1733 2277 einmal!
1770 2191 1829 2277 -

799 2274 1096 2356 Buchenh.
1153 2274 1318 2356 Höre!
1368 2274 1433 2356 Du
1508 2274 1623 2356 giebſt
1689 2274 1771 2356 doch
1837 2274 1944 2356 deine

697 2357 839 2426 Reiſe
883 2357 988 2426 nicht
1025 2357 1122 2426 etwa
1167 2357 1360 2426 heraus?

788 2440 1094 2512 Rofenth.
1135 2440 1201 2512 Du
1275 2440 1407 2512 denkſt
1449 2440 1564 2512 wohl
1622 2440 1721 2512 gar,
1771 2440 1820 2512 ich
1878 2440 1936 2512 bin

703 2520 1014 2592 hergekommen
1075 2520 1166 2592 mich
1212 2520 1272 2592 bey
1341 2520 1394 2592 den
1462 2520 1690 2592 gaſtfreuen
1751 2520 1948 2592 Bewoh-

694 2606 791 2682 nern
843 2606 963 2682 dieſer
1000 2606 1142 2682 Stadt
1179 2606 1261 2682 ſatt
1306 2606 1329 2682 ʒu
1388 2606 1523 2682 eſſen,
1583 2606 1710 2682 damit
1762 2606 1799 2682 ich
1851 2606 1941 2682 her-

703 2682 799 2761 nach
843 2682 932 2761 kann
991 2682 1153 2761 drucken
1205 2682 1367 2761 laſſen,
1412 2682 1471 2761 daß
1523 2682 1611 2761 man
1648 2682 1678 2761 in
1715 2682 1825 2761 Wien
1870 2682 1944 2761 viel

690 2764 795 2844 ißt?
840 2764 893 2844 -
930 2764 1088 2844 Rein,
1125 2764 1328 2844 Freund!
1373 2764 1410 2844 du
1455 2764 1583 2844 mußt
1621 2764 1741 2844 heſſer
1786 2764 1921 2844 rathen

688 2844 761 2928 Jch
812 2844 1002 2928 mediſire
1031 2844 1147 2928 wohl
1176 2844 1431 2928 ʒuweilen,
1475 2844 1541 2928 wie
1570 2844 1606 2928 du
1642 2844 1810 2928 weißt,
1854 2844 1941 2928 aber
