2479 3508
527 526 564 617 ich
594 526 646 617 bin
683 526 758 617 doch
795 526 929 617 ehrlich
967 526 1131 617 geuug,
1175 526 1302 617 meine
1339 526 1727 617 Verläumdungen

519 619 570 699 nie
599 619 760 699 drucken
796 619 825 699 ʒu
862 619 1007 699 laſſen;
1051 619 1124 699 und
1153 619 1226 699 übe
1262 619 1321 699 dem
1394 619 1452 699 ehe
1496 619 1532 699 ich
1576 619 1641 699 für
1685 619 1736 699 ein

519 695 713 789 reiſendes
758 695 892 789 Genie
929 695 1019 789 auch
1079 695 1250 789 wirklich
1310 695 1436 789 etwas
1504 695 1533 789 ʒu
1593 695 1742 789 honett

510 780 609 846 aus.

610 852 911 937 Buchenh.
949 852 1054 937 Oder
1107 852 1182 937 biſt
1235 852 1265 937 du
1341 852 1619 937 gekommen,
1672 852 1717 937 um

513 934 598 1019 eine
637 934 932 1019 Abhandluug
986 934 1009 1019 ʒu
1064 934 1304 1019 ſchreiben,
1343 934 1413 1019 wie
1460 934 1514 1019 dem
1568 934 1739 1019 Wucher

516 1018 554 1092 am
623 1018 744 1092 beſten
798 1018 828 1092 ʒu
874 1018 1018 1092 ſteuern
1072 1018 1148 1092 iſt?

605 1091 897 1173 Roſenth.
936 1091 1125 1173 Glaubſt
1164 1091 1251 1173 du,
1290 1091 1354 1173 daß
1401 1091 1440 1173 ich
1487 1091 1598 1173 gerne
1669 1091 1748 1173 lee-

518 1172 564 1254 res
618 1172 749 1254 Stroh
795 1172 979 1254 dreſche?
1025 1172 1095 1254 Jch
1125 1172 1218 1254 kann
1271 1172 1348 1254 mir
1371 1172 1479 1254 nicht
1502 1172 1756 1254 vorſtellen,

516 1253 576 1333 daß
621 1253 733 1333 dieſem
808 1253 927 1333 Uebel
965 1253 1077 1333 durch
1107 1253 1361 1333 mediʒiren,
1406 1253 1630 1333 ſpekuliren
1667 1253 1735 1333 und

518 1333 834 1416 philoſophiren
884 1333 1085 1416 geſteuert
1121 1333 1272 1416 werden
1315 1333 1458 1416 kann;
1480 1333 1530 1416 -
1559 1333 1587 1416 da
1630 1333 1745 1416 wüß-

520 1411 544 1490 te
584 1411 631 1490 ich
671 1411 727 1490 ein
766 1411 933 1490 beſſeres
981 1411 1148 1490 Mittel
1188 1411 1546 1490 vorʒuſchlagen.

607 1488 900 1569 Buchenh.
933 1488 1050 1569 So?
1083 1488 1142 1569 laß
1200 1488 1284 1569 doch
1326 1488 1484 1569 hören.

602 1565 892 1651 Roſenth.
931 1565 1096 1651 Erʒieht
1143 1565 1237 1651 eure
1269 1565 1418 1651 Kinder
1441 1565 1598 1651 beſſer,
1637 1565 1747 1651 wür-

510 1648 547 1727 de
584 1648 628 1727 ich
665 1648 776 1727 euren
827 1648 989 1727 Aeltern
1041 1648 1115 1727 vom
1189 1648 1366 1727 Stande
1425 1648 1498 1727 und
1557 1648 1742 1727 Vermö-

513 1727 566 1809 gen
633 1727 842 1809 ʒuruſen;
902 1727 1007 1809 ſorgt
1059 1727 1261 1809 beyʒeiten
1321 1727 1477 1809 dafür,
1537 1727 1597 1809 daß
1664 1727 1739 1809 ihre

509 1805 643 1889 Köpfe
682 1805 949 1889 aufgehellt,
981 1805 1060 1889 ihre
1107 1805 1256 1889 Herʒen
1288 1805 1508 1889 veredelt,
1547 1805 1626 1889 ihre
1665 1805 1752 1889 Be-

507 1885 619 1965 griffe
664 1885 896 1965 berichtiget
940 1885 1015 1965 und
1053 1885 1135 1965 ihre
1165 1885 1344 1965 Gefühle
1374 1885 1605 1965 verfeinert
1635 1885 1740 1965 wer-

504 1962 605 2047 den.
674 1962 798 2047 Wenn
845 1962 907 2047 ihr
946 1962 1016 2047 das
1062 1962 1186 2047 thut,
1233 1962 1256 2047 ſo
1302 1962 1426 2047 könnt
1465 1962 1527 2047 ihr
1566 1962 1589 2047 ſo
1628 1962 1744 2047 ʒiem-

505 2044 571 2124 lich
621 2044 728 2124 ſicher
769 2044 893 2124 ſeyn,
951 2044 1009 2124 daß
1075 2044 1116 2124 ſie
1165 2044 1231 2124 ſich
1289 2044 1347 2124 nie
1396 2044 1512 2124 durch
1570 2044 1751 2124 ſinnloſe

503 2127 884 2208 Verſchwendung
931 2127 1017 2208 oder
1056 2127 1274 2208 kindiſchen
1321 2127 1531 2208 Leichtſinn
1585 2127 1609 2208 in
1679 2127 1733 2208 den

512 2202 612 2298 Fall
645 2202 753 2298 ſetʒen
803 2202 1002 2298 werden,
1052 2202 1251 2298 Wuchern
1318 2202 1343 2298 in
1401 2202 1451 2298 die
1509 2202 1650 2298 Hände
1708 2202 1741 2298 ʒu

510 2288 658 2357 fallen.

609 2361 897 2449 Buchenh.
937 2361 1057 2449 Sage
1097 2361 1169 2449 mir
1226 2361 1418 2449 einmal,
1466 2361 1554 2449 haſt
1602 2361 1634 2449 du
1698 2361 1754 2449 et-

511 2448 563 2527 wa
614 2448 688 2527 auf
725 2448 850 2527 deinen
902 2448 1035 2527 Reiſen
1094 2448 1175 2527 eine
1212 2448 1330 2527 kleine
1366 2448 1602 2527 Streiferey
1654 2448 1735 2527 nach

515 2523 574 2611 dem
641 2523 877 2611 berühmten
951 2523 1122 2611 Utopien
1195 2523 1410 2611 gemacht?
1469 2523 1595 2611 Denn
1661 2523 1735 2611 dein

507 2603 675 2692 Mittel
722 2603 906 2692 ſchmeckt
960 2603 1151 2692 gewaltig
1213 2603 1297 2692 nach
1359 2603 1413 2692 dem
1497 2603 1651 2692 Lande,
1704 2603 1727 2692 in

513 2680 683 2768 welchem
750 2680 853 2768 einem
920 2680 965 2768 die
1009 2680 1254 2768 gebratenen
1305 2680 1468 2768 Tauben
1520 2680 1572 2768 ins
1609 2680 1750 2768 Maul

519 2763 692 2864 fliegen.
758 2763 857 2864 Aber
898 2763 973 2864 jetʒt
1014 2763 1080 2864 ʒur
1121 2763 1295 2864 Sache:
1336 2763 1435 2864 Was
1485 2763 1600 2864 willſt
1625 2763 1658 2864 du
1699 2763 1749 2864 ei-

522 2850 682 2943 gentlich
724 2850 850 2943 hier?
892 2850 951 2943 -
