2479 3508
793 467 1089 565 Roſenth.
1130 467 1204 565 (ihm
1261 467 1335 565 laut
1376 467 1425 565 ins
1466 467 1557 565 Obt.
1573 467 1590 565 )
1631 467 1745 565 Mich
1778 467 1967 565 verheu-

688 572 865 634 rathen.

795 635 1098 727 Buchenh.
1139 635 1253 727 Du?
1302 635 1416 727 dich?
1466 635 1515 727 -
1564 635 1645 727 Ha,
1686 635 1874 727 ha-ha!
1907 635 1981 727 -

790 721 1088 797 Roſenth.
1127 721 1226 797 Ja,
1280 721 1349 797 ja,
1410 721 1509 797 lache
1563 721 1639 797 wie
1700 721 1731 797 du
1800 721 1968 797 willſt,

686 811 724 882 es
761 811 806 882 iſt
851 811 934 882 doch
971 811 1129 882 wahr;
1174 811 1421 882 wenigſtens
1474 811 1556 882 ſehr
1601 811 1969 882 wahrſcheinlich.

687 893 799 964 Oder
844 893 986 964 findeſt
1030 893 1068 964 du
1112 893 1254 964 etwa,
1299 893 1366 964 daß
1419 893 1456 964 es
1501 893 1531 964 ʒu
1583 893 1673 964 früh
1725 893 1807 964 iſt?

788 969 1082 1054 Buchenh.
1126 969 1222 1054 Das
1266 969 1339 1054 nun
1391 969 1479 1054 eben
1531 969 1678 1054 nicht;
1722 969 1832 1054 wenn
1884 969 1964 1054 un-

690 1053 745 1136 ſer
791 1053 947 1136 Weiſer
986 1053 1063 1136 auf
1102 1053 1242 1136 vierʒig
1289 1053 1421 1136 ʒeigt,
1475 1053 1499 1136 ſo
1561 1053 1639 1136 iſt's
1709 1053 1786 1136 nun
1856 1053 1942 1136 eben

695 1135 796 1215 nicht
847 1135 872 1215 ʒu
922 1135 1048 1215 früh.

785 1200 1086 1292 Roſenth.
1126 1200 1436 1292 Brüderchen,
1493 1200 1525 1292 du
1590 1200 1680 1292 haſt
1729 1200 1794 1292 dich
1851 1200 1948 1292 ver-

679 1293 841 1370 ſehen;
877 1293 907 1370 er
951 1293 1054 1370 ʒeigt
1091 1293 1165 1370 erſt
1209 1293 1283 1370 auf
1319 1293 1423 1370 neun
1474 1293 1548 1370 und
1599 1293 1798 1370 dreyßig.

791 1375 1079 1453 Buchenh.
1120 1375 1251 1453 Deſto
1292 1375 1407 1453 beſſer
1457 1375 1514 1453 für
1555 1375 1654 1453 dich.
1703 1375 1769 1453 Jch
1826 1375 1958 1453 wun-

688 1454 771 1533 dere
824 1454 916 1533 mich
961 1454 1075 1533 nur,
1120 1454 1196 1533 wie
1242 1454 1265 1533 ſo
1325 1454 1378 1533 ein
1439 1454 1636 1533 erklärter
1690 1454 1963 1533 Schwärm-

684 1539 816 1617 geiſt,
857 1539 926 1617 wie
968 1539 1044 1617 du,
1078 1539 1106 1617 es
1154 1539 1286 1617 wagen
1341 1539 1438 1617 kann
1493 1539 1549 1617 -

788 1597 1083 1695 Roſenth.
1126 1597 1202 1695 Ein
1244 1597 1514 1695 ſchreckliches
1565 1597 1844 1695 Wageſtück,
1869 1597 1962 1695 das!

681 1690 745 1777 -
784 1690 935 1777 Weißt
975 1690 1007 1777 du
1062 1690 1157 1777 denn
1205 1690 1348 1777 nicht,
1387 1690 1459 1777 daß
1506 1690 1562 1777 die
1602 1690 1752 1777 jungen
1816 1690 1967 1777 Mäd-

681 1781 766 1860 chen
813 1781 868 1860 die
922 1781 1093 1860 luſtigen
1163 1781 1358 1860 Männer
1412 1781 1451 1860 am
1536 1781 1700 1860 liebſten
1770 1781 1956 1860 haben?

685 1859 836 1938 Dafür
881 1859 942 1938 laß
987 1859 1025 1938 du
1085 1859 1176 1938 mich
1221 1859 1403 1938 ſorgen;
1448 1859 1524 1938 und
1569 1859 1645 1938 mit
1698 1859 1758 1938 dem
1841 1859 1947 1938 Her-

678 1944 1008 2024 umſchwärmen
1069 1944 1146 2024 legt
1184 1944 1291 2024 ſich's
1353 1944 1491 2024 auch,
1544 1944 1682 2024 ſobald
1736 1944 1828 2024 man
1889 1944 1943 2024 ein

683 2027 942 2102 Hausvater
986 2027 1106 2102 wird.
1144 2027 1200 2102 -
1244 2027 1301 2102 (er
1352 2027 1459 2102 bricht
1509 2027 1573 2102 auf
1629 2027 1762 2102 einmal
1812 2027 1831 2102 in
1901 2027 1945 2102 ein

686 2102 831 2184 hriuges
877 2102 1069 2184 Gelächter
1107 2102 1191 2184 aus.
1206 2102 1214 2184 )
1260 2102 1329 2184 Jch
1375 2102 1421 2184 ein
1482 2102 1788 2184 Hausvater!
1849 2102 1949 2184 Ha,

681 2189 762 2255 ha!
811 2189 885 2255 hal

788 2246 1087 2343 Buchenh.
1123 2246 1193 2343 Da
1255 2246 1290 2343 du
1361 2246 1475 2343 ſelbſt
1519 2246 1669 2343 drüber
1713 2246 1872 2343 lachſt,
1916 2246 1943 2343 ſo

685 2341 830 2434 kannſt
875 2341 906 2434 du
959 2341 1073 2434 mir's
1119 2341 1157 2434 um
1226 2341 1249 2434 ſo
1302 2341 1485 2434 weniger
1523 2341 1782 2434 verdenken.
1843 2341 1957 2434 Ha,

680 2436 768 2505 ha,
812 2436 892 2505 ha!

786 2496 1083 2580 Roſenth.
1124 2496 1420 2580 Brüderchen,
1453 2496 1535 2580 hilf
1576 2496 1650 2580 mir
1691 2496 1831 2580 immer
1864 2496 1946 2580 jetʒt

682 2591 832 2669 drüber
877 2591 1042 2669 lachen,
1079 2591 1177 2669 denn
1222 2591 1252 2669 es
1297 2591 1446 2669 könnte
1491 2591 1574 2669 eine
1611 2591 1701 2669 Ʒeit
1738 2591 1948 2669 kommen,

677 2677 740 2748 wo
789 2677 831 2748 ich
873 2677 1019 2748 drüber
1075 2677 1229 2748 weine.

786 2745 1078 2843 Buchenh.
1114 2745 1242 2843 Sage
1288 2745 1397 2843 mir,
1433 2745 1479 2843 iſt
1524 2745 1643 2843 deine
1698 2745 1953 2843 Ʒukünftige

681 2842 819 2914 reich?
