2479 3508
571 500 861 580 Noſenth.
892 500 1010 580 Sehr
1049 500 1190 580 freich.
1253 500 1363 580 Aber
1402 500 1473 580 das
1528 500 1575 580 iſt
1614 500 1716 580 mein

470 596 694 671 geringſter
733 596 964 671 Kummer.
1034 596 1111 671 Jch
1158 596 1366 671 brauche,
1405 596 1467 671 dem
1537 596 1730 671 Himmel

470 677 523 754 ſey
576 677 728 754 Dank,
773 677 872 754 keine
917 677 1023 754 Frau
1076 677 1137 754 des
1183 677 1334 754 Geldes
1380 677 1508 754 wegen
1561 677 1584 754 ʒu
1630 677 1728 754 neh-

469 752 593 823 men;
645 752 718 823 und
769 752 879 823 wenn
930 752 981 823 ich
1033 752 1128 823 dir's
1186 752 1406 823 aufrichtig
1457 752 1560 823 ſagen
1618 752 1728 823 ſoll,

462 834 513 908 ich
557 834 812 908 heurathete
863 834 987 908 lieber
1031 834 1155 908 eine,
1206 834 1264 908 die
1316 834 1381 908 gar
1447 834 1571 908 nichts
1629 834 1731 908 hat,

454 917 564 991 denn
615 917 695 991 man
768 917 855 991 will
892 917 943 991 die
1001 917 1256 991 Erfahrung
1314 917 1504 991 gemacht
1562 917 1729 991 haben,

465 998 534 1072 daß
587 998 640 1072 die
701 998 839 1072 reichen
900 998 1075 1072 Weiber
1136 998 1235 1072 nicht
1288 998 1433 1072 immer
1486 998 1540 1072 die
1593 998 1715 1072 beſten

461 1077 631 1154 Weiber
678 1077 778 1154 ſind.
848 1077 1096 1154 Jndeſſen,
1150 1077 1266 1154 wenn
1336 1077 1405 1154 mir
1459 1077 1529 1154 das
1591 1077 1730 1154 Mäd-

462 1159 538 1241 chen
592 1159 700 1241 ſonſt
730 1159 914 1241 gefällt,
953 1159 984 1241 ſo
1045 1159 1175 1241 werde
1214 1159 1260 1241 ich
1321 1159 1413 1241 mich
1467 1159 1536 1241 von
1590 1159 1697 1241 einem

461 1241 674 1319 Bagatell
725 1241 798 1319 von
871 1241 966 1319 ʒwey
1032 1241 1127 1319 oder
1179 1241 1259 1319 drey
1332 1241 1500 1319 Tonnen
1559 1241 1720 1319 Goldes

464 1322 554 1390 auch
606 1322 703 1390 nicht
747 1322 993 1390 abſchrecken
1038 1322 1187 1390 laſſen.

562 1400 858 1469 Buchenh.
898 1400 1026 1469 Wenn
1082 1400 1130 1469 ſie
1170 1400 1218 1469 dir
1266 1400 1442 1469 geſällt?
1498 1400 1562 1469 Du
1618 1400 1729 1469 wirſt

467 1479 515 1566 dir
554 1479 642 1566 doch
681 1479 800 1566 nichts
856 1479 1078 1566 Häßliches
1125 1479 1379 1566 ausgeſucht
1419 1479 1577 1566 haben,
1617 1479 1720 1566 Herr

460 1562 674 1617 Bruder?

558 1623 857 1731 Roſenth.
890 1623 965 1731 Jch
1007 1623 1106 1731 habe
1164 1623 1239 1731 mir
1281 1623 1347 1731 gar
1397 1623 1521 1731 nichts
1571 1623 1729 1731 ausge-

466 1722 610 1797 ſucht,
650 1722 754 1797 Herr
794 1722 1003 1797 Bruder!

562 1792 850 1890 Buchenh.
883 1792 1032 1890 Nichts
1081 1792 1370 1890 ausgeſucht?
1420 1792 1469 1890 -
1502 1792 1593 1890 Wie
1642 1792 1733 1890 ver-

459 1880 572 1959 ſteh'
598 1880 641 1959 ich
684 1880 797 1959 das?

563 1939 854 2054 Roſenth.
888 1939 965 2054 Jch
1016 1939 1119 2054 habe
1179 1939 1307 2054 meine
1350 1939 1512 2054 Leute,
1564 1939 1615 2054 die
1658 1939 1718 2054 für

462 2042 564 2117 mich
603 2042 798 2117 wählen.

565 2100 860 2203 Buchenh.
902 2100 995 2203 Das
1045 2100 1087 2203 iſt
1121 2100 1171 2203 die
1230 2100 1466 2203 bequemſte
1517 2100 1727 2203 Methode

468 2200 501 2284 ʒu
551 2200 731 2284 freyen,
773 2200 822 2284 die
879 2200 937 2284 ſich
995 2200 1134 2284 denken
1192 2200 1299 2284 läßt.
1373 2200 1480 2284 Haſt
1512 2200 1554 2284 du
1619 2200 1718 2284 nicht

464 2281 564 2364 etwa
619 2281 704 2364 auch
750 2281 859 2364 deine
905 2281 1060 2364 Leute,
1099 2281 1153 2364 die
1199 2281 1261 2364 für
1315 2281 1385 2364 dich
1439 2281 1718 2364 heurathen?

560 2362 857 2446 Roſenth.
899 2362 950 2446 Um
1017 2362 1305 2446 Vergebung,
1348 2362 1466 2446 ſolche
1508 2362 1729 2446 Geſchäfte

468 2440 675 2525 verrichte
714 2440 762 2525 ich
810 2440 913 2525 nicht
945 2440 1064 2525 gerne
1104 2440 1215 2525 durch
1263 2440 1621 2525 Mandatarien.

561 2525 851 2607 Buchenh.
890 2525 969 2607 Und
1016 2525 1079 2607 der
1118 2525 1252 2607 Name
1299 2525 1432 2607 deiner
1472 2525 1723 2607 Schönen?

460 2603 527 2691 -
544 2603 620 2691 Jch
662 2603 764 2691 habe
797 2603 848 2691 die
890 2603 1169 2691 vollſtändige
1219 2603 1312 2691 Liſte
1354 2603 1447 2691 aller
1489 2603 1726 2691 Mädchen,

467 2688 521 2771 die
567 2688 645 2771 hier
692 2688 940 2771 vegetiren;
979 2688 1259 2771 vermuthlich
1305 2688 1429 2771 kenne
1468 2688 1515 2771 ich
1554 2688 1623 2771 ſie.

569 2770 855 2857 Roſenth.
894 2770 974 2857 Jhr
1021 2770 1156 2857 Name
1204 2770 1330 2857 bleibt
1378 2770 1441 2857 vor
1489 2770 1552 2857 der
1600 2770 1719 2857 Hand

470 2853 569 2947 noch
614 2853 659 2947 ein
703 2853 990 2947 Geheimniß.
1035 2853 1089 2947 -
1134 2853 1259 2947 Finde
1304 2853 1340 2947 ich
1403 2853 1448 2947 ſie
1484 2853 1573 2947 nach
1627 2853 1726 2947 mei-
