2479 3508
659 522 720 604 nem
789 522 1034 604 Geſchmack
1080 522 1134 604 -
1180 522 1249 604 und
1295 522 1364 604 das
1402 522 1494 604 muß
1555 522 1616 604 ſich
1655 522 1746 604 noch
1785 522 1900 604 dieſen

650 604 797 686 Abend
841 604 1077 686 ausweiſen
1128 604 1187 686 -
1231 604 1253 686 ſo
1305 604 1489 686 erfährſt
1526 604 1563 686 du
1614 604 1673 686 ihn
1725 604 1901 686 ohnehin

654 683 748 768 noch
795 683 936 768 ʒeitlich
991 683 1155 768 genug;
1210 683 1249 768 iſt
1296 683 1359 768 das
1398 683 1539 768 nicht,
1586 683 1609 768 ſo
1664 683 1758 768 ʒiehe
1797 683 1836 768 ich
1875 683 1907 768 in

654 767 747 837 aller
790 767 925 837 Stille
968 767 1111 837 wieder
1161 767 1239 837 ab,
1282 767 1353 837 wie
1396 767 1446 837 die
1503 767 1610 837 Katʒe
1653 767 1724 837 vom
1796 767 1910 837 Tau-

652 848 899 928 benſchlag,
952 848 1026 928 und
1086 848 1191 928 keine
1236 848 1370 928 Seele
1430 848 1632 928 erfährt,
1692 848 1759 928 auf
1812 848 1894 928 wen

655 925 745 998 mein
805 925 956 998 Beſuch
1001 925 1212 998 eigentlich
1258 925 1454 998 gemünʒt
1491 925 1604 998 war.

750 997 1041 1088 Buchenh.
1073 997 1191 1088 Sehr
1230 997 1553 1088 gewiſſenhaft.
1584 997 1647 1088 -
1679 997 1781 1088 Aber
1820 997 1907 1088 ſaga

648 1083 728 1166 mir
768 1083 880 1166 nur,
927 1083 999 1166 wie
1039 1083 1071 1166 du
1127 1083 1198 1166 auf
1238 1083 1302 1166 den
1350 1083 1525 1166 Einſall
1557 1083 1788 1166 gekommen
1844 1083 1916 1166 biſt

650 1171 679 1245 ʒu
731 1171 1004 1245 heurathen?

746 1235 1057 1330 Roſenth.
1090 1235 1164 1330 Jch
1213 1235 1295 1330 war
1352 1235 1418 1330 vor
1459 1235 1557 1330 ʒwey
1614 1235 1778 1330 Jahren
1836 1235 1909 1330 mit

645 1326 798 1399 meinem
871 1326 1009 1399 Onkel
1053 1326 1075 1399 in
1126 1326 1373 1399 Pyrmont,
1424 1326 1475 1399 wo
1526 1326 1621 1399 mich
1665 1326 1723 1399 der
1767 1326 1905 1399 Vater

648 1408 796 1487 meiner
843 1408 1125 1487 Ʒukünftigen
1172 1408 1321 1487 kennen
1368 1408 1532 1487 lernte.
1595 1408 1650 1487 Er
1696 1408 1822 1487 fand,
1861 1408 1900 1487 ich

645 1487 736 1562 weis
789 1487 903 1562 ſelbſt
956 1487 1054 1562 nicht
1107 1487 1320 1562 warum,
1365 1487 1638 1562 erſchrecklich
1699 1487 1782 1562 viel
1828 1487 1911 1562 Ge-

637 1567 812 1641 ſchmack
857 1567 888 1641 an
941 1567 1070 1641 deinem
1146 1567 1480 1641 unterthänigen
1533 1567 1730 1641 Diener,
1761 1567 1806 1641 iſt
1844 1567 1890 1641 ein

641 1647 746 1724 alter
783 1647 947 1724 Freund
999 1647 1149 1724 meines
1193 1647 1380 1724 Onkels,
1417 1647 1484 1724 und
1537 1647 1574 1724 da
1626 1647 1746 1724 haben
1798 1647 1895 1724 denn

640 1726 693 1816 die
731 1726 875 1816 beyden
936 1726 1035 1816 alten
1088 1726 1247 1816 Herren
1301 1726 1323 1816 ſo
1376 1726 1452 1816 eine
1490 1726 1787 1816 Brautſuppe
1832 1726 1900 1816 für

636 1809 731 1880 mich
775 1809 1009 1880 ʒuſammen
1060 1809 1242 1880 gekocht.
1279 1809 1337 1880 -

739 1878 1042 1972 Buchenh.
1077 1878 1206 1972 Woʒu
1267 1878 1310 1972 ich
1353 1878 1475 1972 guten
1535 1878 1726 1972 Appetit
1777 1878 1907 1972 wün-

632 1970 704 2038 ſche
784 1970 840 2038 -

734 2021 1040 2126 Roſenth.
1074 2021 1226 2126 Danke
1277 2021 1379 2126 recht
1422 2021 1532 2126 ſehr!
1591 2021 1651 2126 -
1702 2021 1906 2126 Verbitte

635 2121 706 2203 mir
753 2121 847 2203 aber
895 2121 958 2203 das
1013 2121 1249 2203 Miteſſen.
1280 2121 1335 2203 -
1382 2121 1548 2203 "Karl,
1587 2121 1697 2203 ſagte
1737 2121 1886 2203 letʒthin

631 2210 728 2282 mein
781 2210 923 2282 Onkel
968 2210 991 2282 ʒu
1043 2210 1156 2282 mir,
1208 2210 1246 2282 du
1313 2210 1403 2282 haſt
1448 2210 1523 2282 nun
1583 2210 1703 2282 lange
1756 2210 1891 2282 genug

627 2286 658 2367 in
713 2286 768 2367 der
807 2286 925 2367 Welt
980 2286 1326 2367 herumgetollt;
1381 2286 1428 2367 ich
1475 2286 1640 2367 dächte,
1687 2286 1719 2367 es
1781 2286 1891 2367 wäre

631 2367 796 2448 einmal
829 2367 952 2448 Ʒeit,
1010 2367 1076 2448 daß
1142 2367 1175 2448 du
1249 2367 1323 2448 dich
1372 2367 1570 2448 fixirteſt.
1586 2367 1602 2448 "
1677 2367 1734 2448 -
1775 2367 1890 2448 Mich

623 2448 806 2525 fixiren,
846 2448 965 2525 lieber
1013 2448 1180 2525 Onkel!
1220 2448 1355 2525 fragte
1395 2448 1475 2525 ich.
1507 2448 1562 2525 -
1594 2448 1690 2525 Wie
1721 2448 1872 2525 meinen

624 2529 672 2609 ſie
712 2529 824 2609 das?
865 2529 977 2609 "Jch
1025 2529 1202 2609 meine,
1234 2529 1274 2609 du
1322 2529 1427 2609 ſollſt
1483 2529 1748 2609 heurathen.
1764 2529 1788 2609 "
1837 2529 1901 2609 -

620 2606 678 2692 -
727 2606 1015 2692 Heurathen,
1064 2606 1204 2692 dacht'
1237 2606 1319 2692 ich,
1377 2606 1475 2692 hm!
1533 2606 1607 2692 Du
1656 2606 1747 2692 haſt
1796 2606 1886 2692 doch

624 2689 700 2766 faſt
738 2689 838 2766 alles
891 2689 914 2766 in
967 2689 1028 2766 der
1066 2689 1181 2766 Welt
1234 2689 1463 2766 verſucht,
1532 2689 1623 2766 was
1692 2689 1768 2766 nur
1821 2689 1875 2766 ein

624 2766 770 2851 braver
814 2766 909 2851 Kerl
953 2766 1165 2851 verſuchen
1217 2766 1363 2851 kann,
1407 2766 1473 2851 das
1517 2766 1671 2851 einʒige
1714 2766 1890 2851 Heura-

625 2850 711 2946 then
762 2850 1131 2946 ausgenommen.
1200 2850 1269 2946 Du
1320 2850 1509 2946 könnteſt
1543 2850 1612 2946 das
1655 2850 1741 2946 doch
1784 2850 1878 2946 auch
