2479 3508
436 540 661 625 probiren;
707 540 761 625 den
808 540 916 625 Hals
962 540 1101 625 kann's
1148 540 1233 625 doch
1287 540 1388 625 nicht
1426 540 1589 625 koſten;
1627 540 1689 625 -

432 617 510 707 und
557 617 690 707 damit
729 617 791 707 ließ
845 617 892 707 ich
939 617 1188 707 Poſtpferde
1235 617 1445 707 kommen,
1477 617 1555 707 und
1594 617 1687 707 fuhr

427 703 735 781 geradesweges
780 703 945 781 hieher.

523 784 807 856 Buchenh.
847 784 920 856 Ach
960 784 1066 856 gut,
1098 784 1163 856 daß
1211 784 1244 856 du
1292 784 1365 856 mir
1405 784 1446 856 an
1478 784 1535 856 die
1567 784 1689 856 Poſt-

419 862 563 945 pferde
601 862 768 945 denkſt!
813 862 912 945 (nach
957 862 1003 945 der
1048 862 1109 945 Ube
1147 862 1291 945 ſebend)
1336 862 1404 945 Jch
1450 862 1541 945 muß
1586 862 1677 945 auch

418 947 541 1029 dieſen
594 947 733 1029 Abend
779 947 871 1029 noch
910 947 1056 1029 welche
1094 947 1279 1029 beſtellen
1333 947 1486 1029 laſſen.

521 1029 815 1126 Roſenth.
853 1029 995 1126 Willſt
1043 1029 1081 1126 du
1138 1029 1394 1126 verreiſen?
1470 1029 1517 1126 -
1574 1029 1678 1126 Noch

423 1109 538 1182 dieſen
600 1109 777 1182 Abend?

517 1175 811 1281 Buchenh.
845 1175 937 1281 Nur
1005 1175 1081 1281 eine
1139 1175 1266 1281 kleine
1316 1175 1687 1281 Spaʒierfahrt;

419 1269 492 1338 ʒwo
543 1269 703 1338 Meilen
762 1269 827 1338 von
886 1269 988 1338 hier.

520 1342 782 1437 Roſenth
858 1342 968 1437 Eine
1018 1342 1382 1437 Spaʒierfahrt?
1432 1342 1483 1437 An
1551 1342 1652 1437 einem

417 1426 439 1500 ſo
491 1426 693 1500 häßlichen
752 1426 968 1500 naßkalten
1021 1426 1453 1500 Novemberabend?

511 1500 808 1584 Buchenh.
852 1500 859 1584 O
924 1500 953 1584 in
989 1500 1170 1584 warmer
1207 1500 1410 1584 Kleidung
1446 1500 1526 1584 und
1555 1500 1671 1584 war-

414 1583 494 1670 mer
533 1583 811 1670 Geſellſchaſt
843 1583 970 1670 geht's
1018 1583 1121 1670 ſchon
1176 1583 1248 1670 an.
1287 1583 1335 1670 Jm
1422 1583 1660 1670 Vertrau'n

405 1666 466 1738 -
512 1666 549 1738 ich
595 1666 739 1738 nehme
785 1666 830 1738 ein
883 1666 1088 1738 Mädchen
1141 1666 1232 1738 mit.

509 1739 797 1846 Roſenth.
840 1739 907 1846 Ein
958 1739 1212 1846 Mädchen?
1263 1739 1314 1846 -
1348 1739 1424 1846 Jch
1458 1739 1568 1846 ſahre
1593 1739 1669 1846 mit

406 1833 511 1903 Herr
564 1833 774 1903 Bruder!

504 1889 794 1985 Buchenh.
859 1889 915 1985 Ey
971 1889 1237 1985 gehorſamer
1293 1889 1511 1985 Diener,
1591 1889 1656 1985 das

407 1985 549 2069 würde
588 1985 643 2069 ſich
690 1985 895 2069 ſchicken;
926 1985 966 2069 du
1021 1985 1139 2069 mußt
1170 1985 1194 2069 ja
1233 1985 1351 2069 dieſen
1390 1985 1524 2069 Abend
1564 1985 1658 2069 noch

406 2065 481 2140 mit
519 2065 648 2140 deiner
701 2065 845 2140 Braut
890 2065 1238 2140 Bekanntſchaft
1276 2065 1465 2140 machen.

497 2135 790 2224 Roſenth.
830 2135 838 2224 O
903 2135 968 2224 das
1017 2135 1082 2224 hat
1123 2135 1252 2224 nichts
1301 2135 1326 2224 ʒu
1374 2135 1520 2224 ſagen.
1561 2135 1667 2224 Da-

402 2228 433 2316 ʒu
480 2228 527 2316 iſt
574 2228 730 2316 morgen
785 2228 879 2316 auch
941 2228 1028 2316 noch
1074 2228 1184 2316 Ʒeit.
1254 2228 1317 2316 So
1387 2228 1513 2316 etwas
1575 2228 1661 2316 ent-

403 2308 514 2389 läuft
554 2308 657 2389 einem
720 2308 847 2389 nicht.
919 2308 1061 2389 Kurʒ,
1101 2308 1148 2389 ich
1188 2308 1299 2389 fahre
1347 2308 1442 2389 mit.

497 2383 788 2467 Buchenh.
827 2383 976 2467 Nein,
1047 2383 1149 2467 Herr
1212 2383 1417 2467 Bruder!
1472 2383 1661 2467 Einmal

405 2466 463 2548 für
529 2466 636 2548 alle:
685 2466 776 2548 Mit
825 2466 973 2548 kannſt
1023 2466 1064 2548 du
1130 2466 1262 2548 nicht;
1311 2466 1360 2548 die
1418 2466 1558 2548 Sache
1607 2466 1657 2548 iſt

402 2548 639 2638 ernſthaft;
688 2548 746 2638 das
811 2548 1024 2638 Mädchen
1081 2548 1122 2638 iſt
1163 2548 1236 2638 von
1310 2548 1424 2638 gutem
1506 2548 1645 2638 Hauſe

393 2629 475 2701 und
520 2629 640 2701 reich.

493 2693 792 2798 Roſenth.
826 2693 917 2798 Alſo
967 2693 1050 2798 eine
1092 2693 1309 2798 förmliche
1334 2693 1658 2798 Entführung?

494 2787 789 2873 Buchenh.
831 2787 915 2873 Jhr
966 2787 1092 2873 Vater
1143 2787 1185 2873 iſt
1235 2787 1286 2873 ein
1337 2787 1648 2873 Grillenkopf,

394 2868 461 2963 der
495 2868 571 2963 mir
613 2868 714 2963 ſeine
756 2868 933 2963 Tochter
975 2868 1076 2963 nicht
1110 2868 1320 2963 gutwillig
1362 2868 1480 2963 geben
1539 2868 1657 2963 will;
