2479 3508
659 521 707 612 ich
756 521 893 612 nehme
942 521 1015 612 mir
1047 521 1095 612 ſie
1136 521 1241 612 alſo.
1314 521 1443 612 Wenn
1508 521 1548 612 du
1605 521 1669 612 das
1726 521 1928 612 Entfüh-

676 610 774 687 rung
823 610 970 687 nennen
1033 610 1152 687 willſt
1194 610 1250 687 -

755 687 1046 769 Roſenth.
1084 687 1214 769 Lieber
1267 687 1550 769 ſcharnianter
1619 687 1925 769 Herʒensjun-

670 767 739 847 ge!
777 767 892 847 (tüßt
930 767 1022 847 ihn)
1068 767 1168 847 Das
1214 767 1260 847 iſt
1313 767 1344 847 ſo
1405 767 1543 847 etwas
1604 767 1688 847 nach
1750 767 1895 847 meinem

674 848 937 929 Geſchmack.
992 848 1147 929 Höre,
1185 848 1294 929 wenn
1341 848 1403 929 dem
1472 848 1496 929 ſo
1542 848 1620 929 iſt,
1666 848 1690 929 ſo
1744 848 1829 929 kann
1876 848 1922 929 ich

668 933 829 1003 freylich
873 933 975 1003 nicht
1019 933 1128 1003 mit;
1172 933 1260 1003 aber
1303 933 1362 1003 bey
1413 933 1471 1003 der
1522 933 1909 1003 Haupterpediʒion

671 1012 767 1085 muß
807 1012 855 1085 ich
895 1012 1032 1085 ſeyn,
1072 1012 1136 1085 das
1176 1012 1265 1085 ſag'
1289 1012 1337 1085 ich
1377 1012 1457 1085 dir.
1521 1012 1634 1085 Man
1690 1012 1778 1085 kann
1826 1012 1931 1085 nicht

675 1092 801 1171 wiſſen
852 1092 934 1171 was
978 1092 1192 1171 vorfällt;
1222 1092 1296 1171 und
1340 1092 1436 1171 dann
1488 1092 1569 1171 iſt's
1621 1092 1761 1171 immer
1791 1092 1939 1171 beſſer,

673 1168 758 1263 man
812 1168 882 1263 hat
921 1168 1139 1263 jemanden
1193 1168 1255 1263 bey
1309 1168 1410 1263 ſich,
1449 1168 1527 1263 auf
1581 1168 1643 1263 den
1713 1168 1799 1263 man
1869 1168 1931 1263 ſich

667 1259 868 1322 verlaſſen
918 1259 1054 1322 kann.

771 1316 1069 1405 Buchenh.
1120 1316 1128 1405 O
1196 1316 1256 1405 die
1307 1316 1451 1405 Sache
1511 1316 1553 1405 iſt
1604 1316 1630 1405 ſo
1698 1316 1919 1405 gefährlich

674 1415 804 1486 nicht.

770 1487 1053 1571 Roſenth.
1098 1487 1195 1571 Gieb
1247 1487 1314 1571 mir
1373 1487 1426 1571 ein
1478 1487 1798 1571 Commando;
1835 1487 1925 1571 oder

674 1570 724 1666 ich
773 1570 881 1666 diene
930 1570 988 1666 dir
1030 1570 1087 1666 als
1145 1570 1418 1666 Volontair!
1476 1570 1625 1666 Dabey
1691 1570 1774 1666 ſeyn
1840 1570 1922 1666 muß

672 1653 722 1725 ich
771 1653 1135 1725 ſchlechterdings.

782 1720 1077 1815 Buchenh.
1108 1720 1216 1815 Aber
1279 1720 1442 1815 bedenke
1496 1720 1613 1815 nur,
1667 1720 1737 1815 daß
1783 1720 1814 1815 du
1861 1720 1946 1815 die-

670 1816 724 1896 ſen
778 1816 916 1896 Abend
961 1816 1053 1896 noch
1099 1816 1130 1896 ʒu
1184 1816 1314 1896 deiner
1360 1816 1513 1896 Braut
1543 1816 1697 1896 mußt.

769 1894 1070 1969 Roſenth.
1108 1894 1240 1969 Wann
1286 1894 1379 1969 geht
1409 1894 1518 1969 deine
1548 1894 1803 1969 Expedition
1849 1894 1934 1969 an?

768 1978 1063 2050 Buchenh.
1106 1978 1257 2050 Schlag
1325 1978 1426 2050 ſechs
1476 1978 1552 2050 Uhr
1603 1978 1645 2050 iſt
1687 1978 1738 2050 die
1780 1978 1940 2050 Ordre.

765 2058 1078 2132 Roſenth.
1121 2058 1216 2132 Nun
1274 2058 1398 2132 alſo,
1441 2058 1550 2132 wenn
1601 2058 1645 2132 ich
1688 2058 1819 2132 meine
1855 2058 1935 2132 Ʒu-

674 2135 860 2218 künftige
907 2135 946 2218 um
1008 2135 1132 2218 ſieben
1187 2135 1265 2218 Uhr
1303 2135 1451 2218 kennen
1521 2135 1661 2218 lerne;
1707 2135 1785 2218 iſt's
1840 2135 1933 2218 auch

673 2217 769 2297 noch
825 2217 938 2297 Ʒeit.
1010 2217 1316 2297 Brüderchen,
1380 2217 1420 2297 ich
1476 2217 1541 2297 geh
1589 2217 1645 2297 dir
1701 2217 1798 2297 nicht
1838 2217 1910 2297 vom

670 2300 830 2378 Halſe.
902 2300 974 2378 Jch
1014 2300 1118 2378 decke
1166 2300 1222 2378 den
1278 2300 1519 2378 Rückʒug,
1559 2300 1639 2378 und
1687 2300 1799 2378 wenn
1847 2300 1919 2378 uns

668 2381 845 2463 jemand
891 2381 921 2463 ʒu
975 2381 1075 2463 nahe
1113 2381 1305 2463 kömmt,
1351 2381 1374 2463 ſo
1412 2381 1489 2463 ſetʒt
1519 2381 1550 2463 es
1588 2381 1742 2463 blutige
1772 2381 1941 2463 Naſen.

775 2463 1069 2536 Buchenh.
1135 2463 1230 2536 Nun
1303 2463 1648 2536 meinetwegen,
1700 2463 1810 2536 wenn
1876 2463 1913 2536 du

679 2541 785 2626 nicht
842 2541 980 2626 anders
1037 2541 1183 2626 willſt.
1216 2541 1273 2626 -
1321 2541 1419 2626 Das
1476 2541 1516 2626 iſt
1565 2541 1720 2626 wahr,
1768 2541 1809 2626 du
1866 2541 1939 2626 biſt

679 2625 823 2718 immer
868 2625 929 2718 der
967 2625 1088 2718 alte,
1126 2625 1270 2718 immer
1323 2625 1407 2718 noch
1467 2625 1520 2718 der
1589 2625 1725 2718 luſtige
1771 2625 1937 2718 Roſen-

692 2700 807 2769 thal.

778 2779 1067 2883 Roſenth.
1110 2779 1186 2883 Und
1228 2779 1390 2883 gedenke
1432 2779 1466 2883 es
1526 2779 1611 2883 auch
1670 2779 1704 2883 ʒu
1755 2779 1942 2883 bleiben,
