2479 3508
744 1902 867 1999 Ende
914 1902 971 1999 des
1027 1902 1150 1999 erſten
1207 1902 1433 1999 Aufʒugs.

1302 1622 1302 1704 (
1342 1622 1456 1704 Beyde
1488 1622 1553 1704 ab.
1569 1622 1585 1704 )

481 533 535 620 bis
582 533 613 620 an
667 533 759 620 mein
805 533 944 620 Ende.
1014 533 1091 620 Jch
1130 533 1207 620 lebe
1253 533 1323 620 nun
1377 533 1477 620 ſchon
1523 533 1570 620 ein
1624 533 1724 620 gan-

478 620 535 701 ʒes
583 620 779 701 hübſches
827 620 1071 701 Packetchen
1136 620 1274 701 Jahre
1323 620 1404 701 mit
1453 620 1510 701 der
1575 620 1721 701 Welt,

472 700 545 781 und
597 700 745 781 immer
789 700 892 781 habe
929 700 974 781 ich
1010 700 1254 781 gefunden,
1298 700 1357 781 daß
1424 700 1461 781 ich
1512 700 1586 781 mit
1623 700 1726 781 mei-

476 780 536 858 net
581 780 806 858 Luſtigkeit
844 780 978 858 weitet
1031 780 1218 858 komme,
1263 780 1323 858 als
1368 780 1510 858 andere
1555 780 1630 858 mit
1668 780 1728 858 ih-

477 865 537 938 ren
590 865 921 938 Kato-Seelen
981 865 1049 938 und
1094 865 1598 938 Seneka-Geſichtern.

571 934 863 1015 Buchenh.
896 934 963 1015 Du
1021 934 1163 1015 kannſt
1204 934 1337 1015 Recht
1379 934 1537 1015 haben,
1612 934 1704 1015 Das

474 1022 567 1109 denk
606 1022 652 1109 ich
691 1022 807 1109 auch.
846 1022 946 1109 Gieb
992 1022 1070 1109 mir
1109 1022 1201 1109 noch
1256 1022 1372 1109 ʒween
1426 1022 1549 1109 ſolche
1580 1022 1735 1109 Kerls,

473 1105 550 1181 wie
596 1105 626 1181 du
680 1105 787 1181 biſt,
833 1105 902 1181 und
963 1105 1032 1181 wir
1086 1105 1216 1181 kehren
1270 1105 1316 1181 die
1354 1105 1515 1181 Welt,
1538 1105 1599 1181 das
1645 1105 1722 1181 un-

479 1179 590 1260 terſte
645 1179 677 1260 ʒu
732 1179 890 1260 oberſt.

567 1254 863 1344 Roſenth.
911 1254 1007 1344 Das
1055 1254 1167 1344 wär'
1207 1254 1439 1344 excellent;
1479 1254 1535 1344 die
1575 1254 1727 1344 Seite,

470 1350 522 1428 die
567 1350 642 1428 jetʒt
680 1350 777 1428 oben
830 1350 905 1428 iſt,
950 1350 1002 1428 bin
1062 1350 1107 1428 ich
1152 1350 1324 1428 ohnehin
1369 1350 1557 1428 beynahe
1609 1350 1729 1428 über-

470 1428 645 1527 drüßig.
686 1428 761 1527 Jch
803 1428 952 1527 möchte
994 1428 1094 1527 ſchon
1152 1428 1310 1527 einmal
1351 1428 1401 1527 die
1443 1428 1567 1527 andre
1592 1428 1733 1527 ſehen.
